%YAML 1.1
%TAG !u! tag:unity3d.com,2011:
--- !u!29 &1
OcclusionCullingSettings:
  m_ObjectHideFlags: 0
  serializedVersion: 2
  m_OcclusionBakeSettings:
    smallestOccluder: 5
    smallestHole: 0.25
    backfaceThreshold: 100
  m_SceneGUID: 00000000000000000000000000000000
  m_OcclusionCullingData: {fileID: 0}
--- !u!104 &2
RenderSettings:
  m_ObjectHideFlags: 0
  serializedVersion: 9
  m_Fog: 0
  m_FogColor: {r: 0.5, g: 0.5, b: 0.5, a: 1}
  m_FogMode: 3
  m_FogDensity: 0.01
  m_LinearFogStart: 0
  m_LinearFogEnd: 300
  m_AmbientSkyColor: {r: 0.212, g: 0.227, b: 0.259, a: 1}
  m_AmbientEquatorColor: {r: 0.114, g: 0.125, b: 0.133, a: 1}
  m_AmbientGroundColor: {r: 0.047, g: 0.043, b: 0.035, a: 1}
  m_AmbientIntensity: 1
  m_AmbientMode: 0
  m_SubtractiveShadowColor: {r: 0.42, g: 0.478, b: 0.627, a: 1}
  m_SkyboxMaterial: {fileID: 10304, guid: 0000000000000000f000000000000000, type: 0}
  m_HaloStrength: 0.5
  m_FlareStrength: 1
  m_FlareFadeSpeed: 3
  m_HaloTexture: {fileID: 0}
  m_SpotCookie: {fileID: 10001, guid: 0000000000000000e000000000000000, type: 0}
  m_DefaultReflectionMode: 0
  m_DefaultReflectionResolution: 128
  m_ReflectionBounces: 1
  m_ReflectionIntensity: 1
  m_CustomReflection: {fileID: 0}
  m_Sun: {fileID: 705507994}
  m_IndirectSpecularColor: {r: 0.44657898, g: 0.4964133, b: 0.5748178, a: 1}
  m_UseRadianceAmbientProbe: 0
--- !u!157 &3
LightmapSettings:
  m_ObjectHideFlags: 0
  serializedVersion: 11
  m_GIWorkflowMode: 0
  m_GISettings:
    serializedVersion: 2
    m_BounceScale: 1
    m_IndirectOutputScale: 1
    m_AlbedoBoost: 1
    m_EnvironmentLightingMode: 0
    m_EnableBakedLightmaps: 1
    m_EnableRealtimeLightmaps: 0
  m_LightmapEditorSettings:
    serializedVersion: 12
    m_Resolution: 2
    m_BakeResolution: 40
    m_AtlasSize: 1024
    m_AO: 0
    m_AOMaxDistance: 1
    m_CompAOExponent: 1
    m_CompAOExponentDirect: 0
    m_ExtractAmbientOcclusion: 0
    m_Padding: 2
    m_LightmapParameters: {fileID: 0}
    m_LightmapsBakeMode: 1
    m_TextureCompression: 1
    m_FinalGather: 0
    m_FinalGatherFiltering: 1
    m_FinalGatherRayCount: 256
    m_ReflectionCompression: 2
    m_MixedBakeMode: 2
    m_BakeBackend: 1
    m_PVRSampling: 1
    m_PVRDirectSampleCount: 32
    m_PVRSampleCount: 500
    m_PVRBounces: 2
    m_PVREnvironmentSampleCount: 500
    m_PVREnvironmentReferencePointCount: 2048
    m_PVRFilteringMode: 2
    m_PVRDenoiserTypeDirect: 0
    m_PVRDenoiserTypeIndirect: 0
    m_PVRDenoiserTypeAO: 0
    m_PVRFilterTypeDirect: 0
    m_PVRFilterTypeIndirect: 0
    m_PVRFilterTypeAO: 0
    m_PVREnvironmentMIS: 0
    m_PVRCulling: 1
    m_PVRFilteringGaussRadiusDirect: 1
    m_PVRFilteringGaussRadiusIndirect: 5
    m_PVRFilteringGaussRadiusAO: 2
    m_PVRFilteringAtrousPositionSigmaDirect: 0.5
    m_PVRFilteringAtrousPositionSigmaIndirect: 2
    m_PVRFilteringAtrousPositionSigmaAO: 1
    m_ExportTrainingData: 0
    m_TrainingDataDestination: TrainingData
  m_LightingDataAsset: {fileID: 0}
  m_UseShadowmask: 1
--- !u!196 &4
NavMeshSettings:
  serializedVersion: 2
  m_ObjectHideFlags: 0
  m_BuildSettings:
    serializedVersion: 2
    agentTypeID: 0
    agentRadius: 0.5
    agentHeight: 2
    agentSlope: 45
    agentClimb: 0.4
    ledgeDropHeight: 0
    maxJumpAcrossDistance: 0
    minRegionArea: 2
    manualCellSize: 0
    cellSize: 0.16666667
    manualTileSize: 0
    tileSize: 256
    accuratePlacement: 0
    debug:
      m_Flags: 0
  m_NavMeshData: {fileID: 0}
--- !u!1001 &52885878
PrefabInstance:
  m_ObjectHideFlags: 0
  serializedVersion: 2
  m_Modification:
    m_TransformParent: {fileID: 1626840225}
    m_Modifications:
    - target: {fileID: 511091791103928940, guid: 5aa4784b68836a94ab77449f7386d217,
        type: 3}
      propertyPath: m_LocalPosition.x
      value: 0
      objectReference: {fileID: 0}
    - target: {fileID: 511091791103928940, guid: 5aa4784b68836a94ab77449f7386d217,
        type: 3}
      propertyPath: m_LocalPosition.y
      value: -1.1520001
      objectReference: {fileID: 0}
    - target: {fileID: 511091791103928940, guid: 5aa4784b68836a94ab77449f7386d217,
        type: 3}
      propertyPath: m_LocalPosition.z
      value: 0
      objectReference: {fileID: 0}
    - target: {fileID: 511091791103928940, guid: 5aa4784b68836a94ab77449f7386d217,
        type: 3}
      propertyPath: m_LocalRotation.x
      value: -0
      objectReference: {fileID: 0}
    - target: {fileID: 511091791103928940, guid: 5aa4784b68836a94ab77449f7386d217,
        type: 3}
      propertyPath: m_LocalRotation.y
      value: -0
      objectReference: {fileID: 0}
    - target: {fileID: 511091791103928940, guid: 5aa4784b68836a94ab77449f7386d217,
        type: 3}
      propertyPath: m_LocalRotation.z
      value: -0
      objectReference: {fileID: 0}
    - target: {fileID: 511091791103928940, guid: 5aa4784b68836a94ab77449f7386d217,
        type: 3}
      propertyPath: m_LocalRotation.w
      value: 1
      objectReference: {fileID: 0}
    - target: {fileID: 511091791103928940, guid: 5aa4784b68836a94ab77449f7386d217,
        type: 3}
      propertyPath: m_RootOrder
      value: 12
      objectReference: {fileID: 0}
    - target: {fileID: 511091791103928940, guid: 5aa4784b68836a94ab77449f7386d217,
        type: 3}
      propertyPath: m_LocalEulerAnglesHint.x
      value: 0
      objectReference: {fileID: 0}
    - target: {fileID: 511091791103928940, guid: 5aa4784b68836a94ab77449f7386d217,
        type: 3}
      propertyPath: m_LocalEulerAnglesHint.y
      value: 0
      objectReference: {fileID: 0}
    - target: {fileID: 511091791103928940, guid: 5aa4784b68836a94ab77449f7386d217,
        type: 3}
      propertyPath: m_LocalEulerAnglesHint.z
      value: 0
      objectReference: {fileID: 0}
    - target: {fileID: 792696621908279160, guid: 5aa4784b68836a94ab77449f7386d217,
        type: 3}
      propertyPath: m_Name
      value: Plate (11)
      objectReference: {fileID: 0}
    - target: {fileID: 7930358907079631569, guid: 5aa4784b68836a94ab77449f7386d217,
        type: 3}
      propertyPath: rbPlate
      value: 
      objectReference: {fileID: 1148617294}
    m_RemovedComponents: []
  m_SourcePrefab: {fileID: 100100000, guid: 5aa4784b68836a94ab77449f7386d217, type: 3}
--- !u!4 &76398914 stripped
Transform:
  m_CorrespondingSourceObject: {fileID: 511091791103928940, guid: 5aa4784b68836a94ab77449f7386d217,
    type: 3}
  m_PrefabInstance: {fileID: 813841448}
  m_PrefabAsset: {fileID: 0}
--- !u!4 &109884493 stripped
Transform:
  m_CorrespondingSourceObject: {fileID: 511091791103928940, guid: 5aa4784b68836a94ab77449f7386d217,
    type: 3}
  m_PrefabInstance: {fileID: 404886813}
  m_PrefabAsset: {fileID: 0}
--- !u!4 &182805494 stripped
Transform:
  m_CorrespondingSourceObject: {fileID: 511091791103928940, guid: 5aa4784b68836a94ab77449f7386d217,
    type: 3}
  m_PrefabInstance: {fileID: 852024154}
  m_PrefabAsset: {fileID: 0}
--- !u!4 &270209014 stripped
Transform:
  m_CorrespondingSourceObject: {fileID: 511091791103928940, guid: 5aa4784b68836a94ab77449f7386d217,
    type: 3}
  m_PrefabInstance: {fileID: 1542982208}
  m_PrefabAsset: {fileID: 0}
--- !u!1001 &283711103
PrefabInstance:
  m_ObjectHideFlags: 0
  serializedVersion: 2
  m_Modification:
    m_TransformParent: {fileID: 1626840225}
    m_Modifications:
    - target: {fileID: 511091791103928940, guid: 5aa4784b68836a94ab77449f7386d217,
        type: 3}
      propertyPath: m_LocalPosition.x
      value: 0
      objectReference: {fileID: 0}
    - target: {fileID: 511091791103928940, guid: 5aa4784b68836a94ab77449f7386d217,
        type: 3}
      propertyPath: m_LocalPosition.y
      value: 0.53
      objectReference: {fileID: 0}
    - target: {fileID: 511091791103928940, guid: 5aa4784b68836a94ab77449f7386d217,
        type: 3}
      propertyPath: m_LocalPosition.z
      value: 0
      objectReference: {fileID: 0}
    - target: {fileID: 511091791103928940, guid: 5aa4784b68836a94ab77449f7386d217,
        type: 3}
      propertyPath: m_LocalRotation.x
      value: -0
      objectReference: {fileID: 0}
    - target: {fileID: 511091791103928940, guid: 5aa4784b68836a94ab77449f7386d217,
        type: 3}
      propertyPath: m_LocalRotation.y
      value: -0
      objectReference: {fileID: 0}
    - target: {fileID: 511091791103928940, guid: 5aa4784b68836a94ab77449f7386d217,
        type: 3}
      propertyPath: m_LocalRotation.z
      value: -0
      objectReference: {fileID: 0}
    - target: {fileID: 511091791103928940, guid: 5aa4784b68836a94ab77449f7386d217,
        type: 3}
      propertyPath: m_LocalRotation.w
      value: 1
      objectReference: {fileID: 0}
    - target: {fileID: 511091791103928940, guid: 5aa4784b68836a94ab77449f7386d217,
        type: 3}
      propertyPath: m_RootOrder
      value: 2
      objectReference: {fileID: 0}
    - target: {fileID: 511091791103928940, guid: 5aa4784b68836a94ab77449f7386d217,
        type: 3}
      propertyPath: m_LocalEulerAnglesHint.x
      value: 0
      objectReference: {fileID: 0}
    - target: {fileID: 511091791103928940, guid: 5aa4784b68836a94ab77449f7386d217,
        type: 3}
      propertyPath: m_LocalEulerAnglesHint.y
      value: 0
      objectReference: {fileID: 0}
    - target: {fileID: 511091791103928940, guid: 5aa4784b68836a94ab77449f7386d217,
        type: 3}
      propertyPath: m_LocalEulerAnglesHint.z
      value: 0
      objectReference: {fileID: 0}
    - target: {fileID: 792696621908279160, guid: 5aa4784b68836a94ab77449f7386d217,
        type: 3}
      propertyPath: m_Name
      value: Plate (1)
      objectReference: {fileID: 0}
    - target: {fileID: 7930358907079631569, guid: 5aa4784b68836a94ab77449f7386d217,
        type: 3}
      propertyPath: rbPlate
      value: 
      objectReference: {fileID: 1148617294}
    m_RemovedComponents: []
  m_SourcePrefab: {fileID: 100100000, guid: 5aa4784b68836a94ab77449f7386d217, type: 3}
--- !u!1 &293124707
GameObject:
  m_ObjectHideFlags: 0
  m_CorrespondingSourceObject: {fileID: 0}
  m_PrefabInstance: {fileID: 0}
  m_PrefabAsset: {fileID: 0}
  serializedVersion: 6
  m_Component:
  - component: {fileID: 293124708}
  - component: {fileID: 293124711}
  - component: {fileID: 293124710}
  - component: {fileID: 293124709}
  m_Layer: 5
  m_Name: Exit Button
  m_TagString: Untagged
  m_Icon: {fileID: 0}
  m_NavMeshLayer: 0
  m_StaticEditorFlags: 0
  m_IsActive: 1
--- !u!224 &293124708
RectTransform:
  m_ObjectHideFlags: 0
  m_CorrespondingSourceObject: {fileID: 0}
  m_PrefabInstance: {fileID: 0}
  m_PrefabAsset: {fileID: 0}
  m_GameObject: {fileID: 293124707}
  m_LocalRotation: {x: -0, y: -0, z: -0, w: 1}
  m_LocalPosition: {x: 0, y: 0, z: 0}
  m_LocalScale: {x: 1, y: 1, z: 1}
  m_Children:
  - {fileID: 422167399}
  m_Father: {fileID: 1304537600}
  m_RootOrder: 2
  m_LocalEulerAnglesHint: {x: 0, y: 0, z: 0}
  m_AnchorMin: {x: 0.5, y: 0.5}
  m_AnchorMax: {x: 0.5, y: 0.5}
  m_AnchoredPosition: {x: 0, y: -108}
  m_SizeDelta: {x: 428.2, y: 235.9}
  m_Pivot: {x: 0.5, y: 0.5}
--- !u!114 &293124709
MonoBehaviour:
  m_ObjectHideFlags: 0
  m_CorrespondingSourceObject: {fileID: 0}
  m_PrefabInstance: {fileID: 0}
  m_PrefabAsset: {fileID: 0}
  m_GameObject: {fileID: 293124707}
  m_Enabled: 1
  m_EditorHideFlags: 0
  m_Script: {fileID: 11500000, guid: 4e29b1a8efbd4b44bb3f3716e73f07ff, type: 3}
  m_Name: 
  m_EditorClassIdentifier: 
  m_Navigation:
    m_Mode: 0
    m_SelectOnUp: {fileID: 0}
    m_SelectOnDown: {fileID: 0}
    m_SelectOnLeft: {fileID: 0}
    m_SelectOnRight: {fileID: 0}
  m_Transition: 1
  m_Colors:
    m_NormalColor: {r: 1, g: 1, b: 1, a: 0}
    m_HighlightedColor: {r: 0.32900003, g: 0.32900003, b: 0.32900003, a: 0.15294118}
    m_PressedColor: {r: 0.78431374, g: 0.78431374, b: 0.78431374, a: 0.2509804}
    m_SelectedColor: {r: 0.9607843, g: 0.9607843, b: 0.9607843, a: 1}
    m_DisabledColor: {r: 0.78431374, g: 0.78431374, b: 0.78431374, a: 0.5019608}
    m_ColorMultiplier: 1
    m_FadeDuration: 0.1
  m_SpriteState:
    m_HighlightedSprite: {fileID: 0}
    m_PressedSprite: {fileID: 0}
    m_SelectedSprite: {fileID: 0}
    m_DisabledSprite: {fileID: 0}
  m_AnimationTriggers:
    m_NormalTrigger: Normal
    m_HighlightedTrigger: Highlighted
    m_PressedTrigger: Pressed
    m_SelectedTrigger: Selected
    m_DisabledTrigger: Disabled
  m_Interactable: 1
  m_TargetGraphic: {fileID: 293124710}
  m_OnClick:
    m_PersistentCalls:
      m_Calls:
      - m_Target: {fileID: 622523780}
        m_MethodName: ExitGame
        m_Mode: 1
        m_Arguments:
          m_ObjectArgument: {fileID: 0}
          m_ObjectArgumentAssemblyTypeName: UnityEngine.Object, UnityEngine
          m_IntArgument: 0
          m_FloatArgument: 0
          m_StringArgument: 
          m_BoolArgument: 0
        m_CallState: 2
--- !u!114 &293124710
MonoBehaviour:
  m_ObjectHideFlags: 0
  m_CorrespondingSourceObject: {fileID: 0}
  m_PrefabInstance: {fileID: 0}
  m_PrefabAsset: {fileID: 0}
  m_GameObject: {fileID: 293124707}
  m_Enabled: 1
  m_EditorHideFlags: 0
  m_Script: {fileID: 11500000, guid: fe87c0e1cc204ed48ad3b37840f39efc, type: 3}
  m_Name: 
  m_EditorClassIdentifier: 
  m_Material: {fileID: 0}
  m_Color: {r: 0, g: 0, b: 0, a: 1}
  m_RaycastTarget: 1
  m_OnCullStateChanged:
    m_PersistentCalls:
      m_Calls: []
  m_Sprite: {fileID: 10905, guid: 0000000000000000f000000000000000, type: 0}
  m_Type: 1
  m_PreserveAspect: 0
  m_FillCenter: 1
  m_FillMethod: 4
  m_FillAmount: 1
  m_FillClockwise: 1
  m_FillOrigin: 0
  m_UseSpriteMesh: 0
  m_PixelsPerUnitMultiplier: 1
--- !u!222 &293124711
CanvasRenderer:
  m_ObjectHideFlags: 0
  m_CorrespondingSourceObject: {fileID: 0}
  m_PrefabInstance: {fileID: 0}
  m_PrefabAsset: {fileID: 0}
  m_GameObject: {fileID: 293124707}
  m_CullTransparentMesh: 0
--- !u!1 &322248805
GameObject:
  m_ObjectHideFlags: 0
  m_CorrespondingSourceObject: {fileID: 0}
  m_PrefabInstance: {fileID: 0}
  m_PrefabAsset: {fileID: 0}
  serializedVersion: 6
  m_Component:
  - component: {fileID: 322248809}
  - component: {fileID: 322248808}
  - component: {fileID: 322248807}
  - component: {fileID: 322248806}
  m_Layer: 0
  m_Name: Wall
  m_TagString: Untagged
  m_Icon: {fileID: 0}
  m_NavMeshLayer: 0
  m_StaticEditorFlags: 0
  m_IsActive: 1
--- !u!64 &322248806
MeshCollider:
  m_ObjectHideFlags: 0
  m_CorrespondingSourceObject: {fileID: 0}
  m_PrefabInstance: {fileID: 0}
  m_PrefabAsset: {fileID: 0}
  m_GameObject: {fileID: 322248805}
  m_Material: {fileID: 0}
  m_IsTrigger: 0
  m_Enabled: 1
  serializedVersion: 3
  m_Convex: 0
  m_CookingOptions: 14
  m_Mesh: {fileID: 10209, guid: 0000000000000000e000000000000000, type: 0}
--- !u!23 &322248807
MeshRenderer:
  m_ObjectHideFlags: 0
  m_CorrespondingSourceObject: {fileID: 0}
  m_PrefabInstance: {fileID: 0}
  m_PrefabAsset: {fileID: 0}
  m_GameObject: {fileID: 322248805}
  m_Enabled: 1
  m_CastShadows: 1
  m_ReceiveShadows: 1
  m_DynamicOccludee: 1
  m_MotionVectors: 1
  m_LightProbeUsage: 1
  m_ReflectionProbeUsage: 1
  m_RenderingLayerMask: 1
  m_RendererPriority: 0
  m_Materials:
  - {fileID: 2100000, guid: be5c50ea12bce3e43b3ddc81f5397f3c, type: 2}
  m_StaticBatchInfo:
    firstSubMesh: 0
    subMeshCount: 0
  m_StaticBatchRoot: {fileID: 0}
  m_ProbeAnchor: {fileID: 0}
  m_LightProbeVolumeOverride: {fileID: 0}
  m_ScaleInLightmap: 1
  m_ReceiveGI: 1
  m_PreserveUVs: 0
  m_IgnoreNormalsForChartDetection: 0
  m_ImportantGI: 0
  m_StitchLightmapSeams: 1
  m_SelectedEditorRenderState: 3
  m_MinimumChartSize: 4
  m_AutoUVMaxDistance: 0.5
  m_AutoUVMaxAngle: 89
  m_LightmapParameters: {fileID: 0}
  m_SortingLayerID: 0
  m_SortingLayer: 0
  m_SortingOrder: 0
--- !u!33 &322248808
MeshFilter:
  m_ObjectHideFlags: 0
  m_CorrespondingSourceObject: {fileID: 0}
  m_PrefabInstance: {fileID: 0}
  m_PrefabAsset: {fileID: 0}
  m_GameObject: {fileID: 322248805}
  m_Mesh: {fileID: 10209, guid: 0000000000000000e000000000000000, type: 0}
--- !u!4 &322248809
Transform:
  m_ObjectHideFlags: 0
  m_CorrespondingSourceObject: {fileID: 0}
  m_PrefabInstance: {fileID: 0}
  m_PrefabAsset: {fileID: 0}
  m_GameObject: {fileID: 322248805}
  m_LocalRotation: {x: -0.60320795, y: -0, z: -0, w: 0.797584}
  m_LocalPosition: {x: 0, y: 0, z: 20}
  m_LocalScale: {x: 3.6726, y: 1, z: 5.151454}
  m_Children: []
  m_Father: {fileID: 680305095}
  m_RootOrder: 1
  m_LocalEulerAnglesHint: {x: -74.2, y: 0, z: 0}
--- !u!1 &385765273
GameObject:
  m_ObjectHideFlags: 0
  m_CorrespondingSourceObject: {fileID: 0}
  m_PrefabInstance: {fileID: 0}
  m_PrefabAsset: {fileID: 0}
  serializedVersion: 6
  m_Component:
  - component: {fileID: 385765274}
  - component: {fileID: 385765276}
  - component: {fileID: 385765275}
  m_Layer: 5
  m_Name: High Score Text
  m_TagString: Untagged
  m_Icon: {fileID: 0}
  m_NavMeshLayer: 0
  m_StaticEditorFlags: 0
  m_IsActive: 1
--- !u!224 &385765274
RectTransform:
  m_ObjectHideFlags: 0
  m_CorrespondingSourceObject: {fileID: 0}
  m_PrefabInstance: {fileID: 0}
  m_PrefabAsset: {fileID: 0}
  m_GameObject: {fileID: 385765273}
  m_LocalRotation: {x: 0, y: 0, z: 0, w: 1}
  m_LocalPosition: {x: 0, y: 0, z: 0}
  m_LocalScale: {x: 1, y: 1, z: 1}
  m_Children: []
  m_Father: {fileID: 901921739}
  m_RootOrder: 0
  m_LocalEulerAnglesHint: {x: 0, y: 0, z: 0}
  m_AnchorMin: {x: 0.5, y: 0.5}
  m_AnchorMax: {x: 0.5, y: 0.5}
  m_AnchoredPosition: {x: 250, y: 885}
  m_SizeDelta: {x: 500, y: 150}
  m_Pivot: {x: 0.5, y: 0.5}
--- !u!114 &385765275
MonoBehaviour:
  m_ObjectHideFlags: 0
  m_CorrespondingSourceObject: {fileID: 0}
  m_PrefabInstance: {fileID: 0}
  m_PrefabAsset: {fileID: 0}
  m_GameObject: {fileID: 385765273}
  m_Enabled: 1
  m_EditorHideFlags: 0
  m_Script: {fileID: 11500000, guid: 5f7201a12d95ffc409449d95f23cf332, type: 3}
  m_Name: 
  m_EditorClassIdentifier: 
  m_Material: {fileID: 0}
  m_Color: {r: 0.19607843, g: 0.19607843, b: 0.19607843, a: 1}
  m_RaycastTarget: 1
  m_OnCullStateChanged:
    m_PersistentCalls:
      m_Calls: []
  m_FontData:
    m_Font: {fileID: 10102, guid: 0000000000000000e000000000000000, type: 0}
    m_FontSize: 54
    m_FontStyle: 0
    m_BestFit: 0
    m_MinSize: 10
    m_MaxSize: 66
    m_Alignment: 5
    m_AlignByGeometry: 0
    m_RichText: 1
    m_HorizontalOverflow: 0
    m_VerticalOverflow: 0
    m_LineSpacing: 1
  m_Text: 'High Score : X'
--- !u!222 &385765276
CanvasRenderer:
  m_ObjectHideFlags: 0
  m_CorrespondingSourceObject: {fileID: 0}
  m_PrefabInstance: {fileID: 0}
  m_PrefabAsset: {fileID: 0}
  m_GameObject: {fileID: 385765273}
  m_CullTransparentMesh: 0
--- !u!1001 &404886813
PrefabInstance:
  m_ObjectHideFlags: 0
  serializedVersion: 2
  m_Modification:
    m_TransformParent: {fileID: 1626840225}
    m_Modifications:
    - target: {fileID: 511091791103928940, guid: 5aa4784b68836a94ab77449f7386d217,
        type: 3}
      propertyPath: m_LocalPosition.x
      value: 0
      objectReference: {fileID: 0}
    - target: {fileID: 511091791103928940, guid: 5aa4784b68836a94ab77449f7386d217,
        type: 3}
      propertyPath: m_LocalPosition.y
      value: -1.816
      objectReference: {fileID: 0}
    - target: {fileID: 511091791103928940, guid: 5aa4784b68836a94ab77449f7386d217,
        type: 3}
      propertyPath: m_LocalPosition.z
      value: 0
      objectReference: {fileID: 0}
    - target: {fileID: 511091791103928940, guid: 5aa4784b68836a94ab77449f7386d217,
        type: 3}
      propertyPath: m_LocalRotation.x
      value: -0
      objectReference: {fileID: 0}
    - target: {fileID: 511091791103928940, guid: 5aa4784b68836a94ab77449f7386d217,
        type: 3}
      propertyPath: m_LocalRotation.y
      value: -0
      objectReference: {fileID: 0}
    - target: {fileID: 511091791103928940, guid: 5aa4784b68836a94ab77449f7386d217,
        type: 3}
      propertyPath: m_LocalRotation.z
      value: -0
      objectReference: {fileID: 0}
    - target: {fileID: 511091791103928940, guid: 5aa4784b68836a94ab77449f7386d217,
        type: 3}
      propertyPath: m_LocalRotation.w
      value: 1
      objectReference: {fileID: 0}
    - target: {fileID: 511091791103928940, guid: 5aa4784b68836a94ab77449f7386d217,
        type: 3}
      propertyPath: m_RootOrder
      value: 16
      objectReference: {fileID: 0}
    - target: {fileID: 511091791103928940, guid: 5aa4784b68836a94ab77449f7386d217,
        type: 3}
      propertyPath: m_LocalEulerAnglesHint.x
      value: 0
      objectReference: {fileID: 0}
    - target: {fileID: 511091791103928940, guid: 5aa4784b68836a94ab77449f7386d217,
        type: 3}
      propertyPath: m_LocalEulerAnglesHint.y
      value: 0
      objectReference: {fileID: 0}
    - target: {fileID: 511091791103928940, guid: 5aa4784b68836a94ab77449f7386d217,
        type: 3}
      propertyPath: m_LocalEulerAnglesHint.z
      value: 0
      objectReference: {fileID: 0}
    - target: {fileID: 792696621908279160, guid: 5aa4784b68836a94ab77449f7386d217,
        type: 3}
      propertyPath: m_Name
      value: Plate (15)
      objectReference: {fileID: 0}
    - target: {fileID: 7930358907079631569, guid: 5aa4784b68836a94ab77449f7386d217,
        type: 3}
      propertyPath: rbPlate
      value: 
      objectReference: {fileID: 1148617294}
    m_RemovedComponents: []
  m_SourcePrefab: {fileID: 100100000, guid: 5aa4784b68836a94ab77449f7386d217, type: 3}
--- !u!1001 &409064313
PrefabInstance:
  m_ObjectHideFlags: 0
  serializedVersion: 2
  m_Modification:
    m_TransformParent: {fileID: 1626840225}
    m_Modifications:
    - target: {fileID: 511091791103928940, guid: 5aa4784b68836a94ab77449f7386d217,
        type: 3}
      propertyPath: m_LocalPosition.x
      value: 0
      objectReference: {fileID: 0}
    - target: {fileID: 511091791103928940, guid: 5aa4784b68836a94ab77449f7386d217,
        type: 3}
      propertyPath: m_LocalPosition.y
      value: -1.309
      objectReference: {fileID: 0}
    - target: {fileID: 511091791103928940, guid: 5aa4784b68836a94ab77449f7386d217,
        type: 3}
      propertyPath: m_LocalPosition.z
      value: 0
      objectReference: {fileID: 0}
    - target: {fileID: 511091791103928940, guid: 5aa4784b68836a94ab77449f7386d217,
        type: 3}
      propertyPath: m_LocalRotation.x
      value: -0
      objectReference: {fileID: 0}
    - target: {fileID: 511091791103928940, guid: 5aa4784b68836a94ab77449f7386d217,
        type: 3}
      propertyPath: m_LocalRotation.y
      value: -0
      objectReference: {fileID: 0}
    - target: {fileID: 511091791103928940, guid: 5aa4784b68836a94ab77449f7386d217,
        type: 3}
      propertyPath: m_LocalRotation.z
      value: -0
      objectReference: {fileID: 0}
    - target: {fileID: 511091791103928940, guid: 5aa4784b68836a94ab77449f7386d217,
        type: 3}
      propertyPath: m_LocalRotation.w
      value: 1
      objectReference: {fileID: 0}
    - target: {fileID: 511091791103928940, guid: 5aa4784b68836a94ab77449f7386d217,
        type: 3}
      propertyPath: m_RootOrder
      value: 13
      objectReference: {fileID: 0}
    - target: {fileID: 511091791103928940, guid: 5aa4784b68836a94ab77449f7386d217,
        type: 3}
      propertyPath: m_LocalEulerAnglesHint.x
      value: 0
      objectReference: {fileID: 0}
    - target: {fileID: 511091791103928940, guid: 5aa4784b68836a94ab77449f7386d217,
        type: 3}
      propertyPath: m_LocalEulerAnglesHint.y
      value: 0
      objectReference: {fileID: 0}
    - target: {fileID: 511091791103928940, guid: 5aa4784b68836a94ab77449f7386d217,
        type: 3}
      propertyPath: m_LocalEulerAnglesHint.z
      value: 0
      objectReference: {fileID: 0}
    - target: {fileID: 792696621908279160, guid: 5aa4784b68836a94ab77449f7386d217,
        type: 3}
      propertyPath: m_Name
      value: Plate (12)
      objectReference: {fileID: 0}
    - target: {fileID: 7930358907079631569, guid: 5aa4784b68836a94ab77449f7386d217,
        type: 3}
      propertyPath: rbPlate
      value: 
      objectReference: {fileID: 1148617294}
    m_RemovedComponents: []
  m_SourcePrefab: {fileID: 100100000, guid: 5aa4784b68836a94ab77449f7386d217, type: 3}
--- !u!1 &422167398
GameObject:
  m_ObjectHideFlags: 0
  m_CorrespondingSourceObject: {fileID: 0}
  m_PrefabInstance: {fileID: 0}
  m_PrefabAsset: {fileID: 0}
  serializedVersion: 6
  m_Component:
  - component: {fileID: 422167399}
  - component: {fileID: 422167401}
  - component: {fileID: 422167400}
  m_Layer: 5
  m_Name: Text
  m_TagString: Untagged
  m_Icon: {fileID: 0}
  m_NavMeshLayer: 0
  m_StaticEditorFlags: 0
  m_IsActive: 1
--- !u!224 &422167399
RectTransform:
  m_ObjectHideFlags: 0
  m_CorrespondingSourceObject: {fileID: 0}
  m_PrefabInstance: {fileID: 0}
  m_PrefabAsset: {fileID: 0}
  m_GameObject: {fileID: 422167398}
  m_LocalRotation: {x: -0, y: -0, z: -0, w: 1}
  m_LocalPosition: {x: 0, y: 0, z: 0}
  m_LocalScale: {x: 1, y: 1, z: 1}
  m_Children: []
  m_Father: {fileID: 293124708}
  m_RootOrder: 0
  m_LocalEulerAnglesHint: {x: 0, y: 0, z: 0}
  m_AnchorMin: {x: 0, y: 0}
  m_AnchorMax: {x: 1, y: 1}
  m_AnchoredPosition: {x: 0, y: 0}
  m_SizeDelta: {x: 0, y: 0}
  m_Pivot: {x: 0.5, y: 0.5}
--- !u!114 &422167400
MonoBehaviour:
  m_ObjectHideFlags: 0
  m_CorrespondingSourceObject: {fileID: 0}
  m_PrefabInstance: {fileID: 0}
  m_PrefabAsset: {fileID: 0}
  m_GameObject: {fileID: 422167398}
  m_Enabled: 1
  m_EditorHideFlags: 0
  m_Script: {fileID: 11500000, guid: 5f7201a12d95ffc409449d95f23cf332, type: 3}
  m_Name: 
  m_EditorClassIdentifier: 
  m_Material: {fileID: 0}
  m_Color: {r: 0.19607843, g: 0.19607843, b: 0.19607843, a: 1}
  m_RaycastTarget: 1
  m_OnCullStateChanged:
    m_PersistentCalls:
      m_Calls: []
  m_FontData:
    m_Font: {fileID: 10102, guid: 0000000000000000e000000000000000, type: 0}
    m_FontSize: 110
    m_FontStyle: 0
    m_BestFit: 0
    m_MinSize: 1
    m_MaxSize: 116
    m_Alignment: 4
    m_AlignByGeometry: 0
    m_RichText: 1
    m_HorizontalOverflow: 0
    m_VerticalOverflow: 0
    m_LineSpacing: 1
  m_Text: Exit
--- !u!222 &422167401
CanvasRenderer:
  m_ObjectHideFlags: 0
  m_CorrespondingSourceObject: {fileID: 0}
  m_PrefabInstance: {fileID: 0}
  m_PrefabAsset: {fileID: 0}
  m_GameObject: {fileID: 422167398}
  m_CullTransparentMesh: 0
--- !u!4 &461305483 stripped
Transform:
  m_CorrespondingSourceObject: {fileID: 511091791103928940, guid: 5aa4784b68836a94ab77449f7386d217,
    type: 3}
  m_PrefabInstance: {fileID: 1771266788}
  m_PrefabAsset: {fileID: 0}
--- !u!1 &574186321
GameObject:
  m_ObjectHideFlags: 0
  m_CorrespondingSourceObject: {fileID: 0}
  m_PrefabInstance: {fileID: 0}
  m_PrefabAsset: {fileID: 0}
  serializedVersion: 6
  m_Component:
  - component: {fileID: 574186324}
  - component: {fileID: 574186323}
  - component: {fileID: 574186322}
  m_Layer: 0
  m_Name: EventSystem
  m_TagString: Untagged
  m_Icon: {fileID: 0}
  m_NavMeshLayer: 0
  m_StaticEditorFlags: 0
  m_IsActive: 1
--- !u!114 &574186322
MonoBehaviour:
  m_ObjectHideFlags: 0
  m_CorrespondingSourceObject: {fileID: 0}
  m_PrefabInstance: {fileID: 0}
  m_PrefabAsset: {fileID: 0}
  m_GameObject: {fileID: 574186321}
  m_Enabled: 1
  m_EditorHideFlags: 0
  m_Script: {fileID: 11500000, guid: 4f231c4fb786f3946a6b90b886c48677, type: 3}
  m_Name: 
  m_EditorClassIdentifier: 
  m_HorizontalAxis: Horizontal
  m_VerticalAxis: Vertical
  m_SubmitButton: Submit
  m_CancelButton: Cancel
  m_InputActionsPerSecond: 10
  m_RepeatDelay: 0.5
  m_ForceModuleActive: 0
--- !u!114 &574186323
MonoBehaviour:
  m_ObjectHideFlags: 0
  m_CorrespondingSourceObject: {fileID: 0}
  m_PrefabInstance: {fileID: 0}
  m_PrefabAsset: {fileID: 0}
  m_GameObject: {fileID: 574186321}
  m_Enabled: 1
  m_EditorHideFlags: 0
  m_Script: {fileID: 11500000, guid: 76c392e42b5098c458856cdf6ecaaaa1, type: 3}
  m_Name: 
  m_EditorClassIdentifier: 
  m_FirstSelected: {fileID: 0}
  m_sendNavigationEvents: 1
  m_DragThreshold: 10
--- !u!4 &574186324
Transform:
  m_ObjectHideFlags: 0
  m_CorrespondingSourceObject: {fileID: 0}
  m_PrefabInstance: {fileID: 0}
  m_PrefabAsset: {fileID: 0}
  m_GameObject: {fileID: 574186321}
  m_LocalRotation: {x: 0, y: 0, z: 0, w: 1}
  m_LocalPosition: {x: 0, y: 0, z: 0}
  m_LocalScale: {x: 1, y: 1, z: 1}
  m_Children: []
  m_Father: {fileID: 0}
  m_RootOrder: 5
  m_LocalEulerAnglesHint: {x: 0, y: 0, z: 0}
--- !u!114 &622523780 stripped
MonoBehaviour:
  m_CorrespondingSourceObject: {fileID: 4466209496395512733, guid: 729cd1130b1ab50428dc6a13542f56c7,
    type: 3}
  m_PrefabInstance: {fileID: 885079888}
  m_PrefabAsset: {fileID: 0}
  m_GameObject: {fileID: 0}
  m_Enabled: 1
  m_EditorHideFlags: 0
  m_Script: {fileID: 11500000, guid: e98e186458cbfca48b6db8cb981197f0, type: 3}
  m_Name: 
  m_EditorClassIdentifier: 
--- !u!4 &622523784 stripped
Transform:
  m_CorrespondingSourceObject: {fileID: 299222317955067379, guid: 729cd1130b1ab50428dc6a13542f56c7,
    type: 3}
  m_PrefabInstance: {fileID: 885079888}
  m_PrefabAsset: {fileID: 0}
--- !u!1 &680305094
GameObject:
  m_ObjectHideFlags: 0
  m_CorrespondingSourceObject: {fileID: 0}
  m_PrefabInstance: {fileID: 0}
  m_PrefabAsset: {fileID: 0}
  serializedVersion: 6
  m_Component:
  - component: {fileID: 680305095}
  m_Layer: 0
  m_Name: Environment
  m_TagString: Untagged
  m_Icon: {fileID: 0}
  m_NavMeshLayer: 0
  m_StaticEditorFlags: 0
  m_IsActive: 1
--- !u!4 &680305095
Transform:
  m_ObjectHideFlags: 0
  m_CorrespondingSourceObject: {fileID: 0}
  m_PrefabInstance: {fileID: 0}
  m_PrefabAsset: {fileID: 0}
  m_GameObject: {fileID: 680305094}
  m_LocalRotation: {x: 0, y: 0, z: 0, w: 1}
  m_LocalPosition: {x: 0, y: 0, z: 0}
  m_LocalScale: {x: 1, y: 1, z: 1}
  m_Children:
  - {fileID: 2049268433}
  - {fileID: 322248809}
  m_Father: {fileID: 0}
  m_RootOrder: 4
  m_LocalEulerAnglesHint: {x: 0, y: 0, z: 0}
--- !u!4 &693380633 stripped
Transform:
  m_CorrespondingSourceObject: {fileID: 511091791103928940, guid: 5aa4784b68836a94ab77449f7386d217,
    type: 3}
  m_PrefabInstance: {fileID: 283711103}
  m_PrefabAsset: {fileID: 0}
--- !u!1 &705507993
GameObject:
  m_ObjectHideFlags: 0
  m_CorrespondingSourceObject: {fileID: 0}
  m_PrefabInstance: {fileID: 0}
  m_PrefabAsset: {fileID: 0}
  serializedVersion: 6
  m_Component:
  - component: {fileID: 705507995}
  - component: {fileID: 705507994}
  m_Layer: 0
  m_Name: Directional Light
  m_TagString: Untagged
  m_Icon: {fileID: 0}
  m_NavMeshLayer: 0
  m_StaticEditorFlags: 0
  m_IsActive: 1
--- !u!108 &705507994
Light:
  m_ObjectHideFlags: 0
  m_CorrespondingSourceObject: {fileID: 0}
  m_PrefabInstance: {fileID: 0}
  m_PrefabAsset: {fileID: 0}
  m_GameObject: {fileID: 705507993}
  m_Enabled: 1
  serializedVersion: 9
  m_Type: 1
  m_Color: {r: 1, g: 0.95686275, b: 0.8392157, a: 1}
  m_Intensity: 1
  m_Range: 10
  m_SpotAngle: 30
  m_InnerSpotAngle: 21.80208
  m_CookieSize: 10
  m_Shadows:
    m_Type: 2
    m_Resolution: -1
    m_CustomResolution: -1
    m_Strength: 1
    m_Bias: 0.05
    m_NormalBias: 0.4
    m_NearPlane: 0.2
    m_CullingMatrixOverride:
      e00: 1
      e01: 0
      e02: 0
      e03: 0
      e10: 0
      e11: 1
      e12: 0
      e13: 0
      e20: 0
      e21: 0
      e22: 1
      e23: 0
      e30: 0
      e31: 0
      e32: 0
      e33: 1
    m_UseCullingMatrixOverride: 0
  m_Cookie: {fileID: 0}
  m_DrawHalo: 0
  m_Flare: {fileID: 0}
  m_RenderMode: 0
  m_CullingMask:
    serializedVersion: 2
    m_Bits: 4294967295
  m_RenderingLayerMask: 1
  m_Lightmapping: 1
  m_LightShadowCasterMode: 0
  m_AreaSize: {x: 1, y: 1}
  m_BounceIntensity: 1
  m_ColorTemperature: 6570
  m_UseColorTemperature: 0
  m_BoundingSphereOverride: {x: 0, y: 0, z: 0, w: 0}
  m_UseBoundingSphereOverride: 0
  m_ShadowRadius: 0
  m_ShadowAngle: 0
--- !u!4 &705507995
Transform:
  m_ObjectHideFlags: 0
  m_CorrespondingSourceObject: {fileID: 0}
  m_PrefabInstance: {fileID: 0}
  m_PrefabAsset: {fileID: 0}
  m_GameObject: {fileID: 705507993}
  m_LocalRotation: {x: 0.40821788, y: -0.23456968, z: 0.10938163, w: 0.8754261}
  m_LocalPosition: {x: 0, y: 3, z: 0}
  m_LocalScale: {x: 1, y: 1, z: 1}
  m_Children: []
  m_Father: {fileID: 0}
  m_RootOrder: 1
  m_LocalEulerAnglesHint: {x: 50, y: -30, z: 0}
--- !u!1 &779400758
GameObject:
  m_ObjectHideFlags: 0
  m_CorrespondingSourceObject: {fileID: 0}
  m_PrefabInstance: {fileID: 0}
  m_PrefabAsset: {fileID: 0}
  serializedVersion: 6
  m_Component:
  - component: {fileID: 779400762}
  - component: {fileID: 779400761}
  - component: {fileID: 779400760}
  - component: {fileID: 779400759}
  m_Layer: 5
  m_Name: Canvas
  m_TagString: Untagged
  m_Icon: {fileID: 0}
  m_NavMeshLayer: 0
  m_StaticEditorFlags: 0
  m_IsActive: 1
--- !u!114 &779400759
MonoBehaviour:
  m_ObjectHideFlags: 0
  m_CorrespondingSourceObject: {fileID: 0}
  m_PrefabInstance: {fileID: 0}
  m_PrefabAsset: {fileID: 0}
  m_GameObject: {fileID: 779400758}
  m_Enabled: 1
  m_EditorHideFlags: 0
  m_Script: {fileID: 11500000, guid: dc42784cf147c0c48a680349fa168899, type: 3}
  m_Name: 
  m_EditorClassIdentifier: 
  m_IgnoreReversedGraphics: 1
  m_BlockingObjects: 0
  m_BlockingMask:
    serializedVersion: 2
    m_Bits: 4294967295
--- !u!114 &779400760
MonoBehaviour:
  m_ObjectHideFlags: 0
  m_CorrespondingSourceObject: {fileID: 0}
  m_PrefabInstance: {fileID: 0}
  m_PrefabAsset: {fileID: 0}
  m_GameObject: {fileID: 779400758}
  m_Enabled: 1
  m_EditorHideFlags: 0
  m_Script: {fileID: 11500000, guid: 0cd44c1031e13a943bb63640046fad76, type: 3}
  m_Name: 
  m_EditorClassIdentifier: 
  m_UiScaleMode: 0
  m_ReferencePixelsPerUnit: 100
  m_ScaleFactor: 1
  m_ReferenceResolution: {x: 800, y: 600}
  m_ScreenMatchMode: 0
  m_MatchWidthOrHeight: 0
  m_PhysicalUnit: 3
  m_FallbackScreenDPI: 96
  m_DefaultSpriteDPI: 96
  m_DynamicPixelsPerUnit: 1
--- !u!223 &779400761
Canvas:
  m_ObjectHideFlags: 0
  m_CorrespondingSourceObject: {fileID: 0}
  m_PrefabInstance: {fileID: 0}
  m_PrefabAsset: {fileID: 0}
  m_GameObject: {fileID: 779400758}
  m_Enabled: 1
  serializedVersion: 3
  m_RenderMode: 0
  m_Camera: {fileID: 0}
  m_PlaneDistance: 100
  m_PixelPerfect: 0
  m_ReceivesEvents: 1
  m_OverrideSorting: 0
  m_OverridePixelPerfect: 0
  m_SortingBucketNormalizedSize: 0
  m_AdditionalShaderChannelsFlag: 0
  m_SortingLayerID: 0
  m_SortingOrder: 0
  m_TargetDisplay: 0
--- !u!224 &779400762
RectTransform:
  m_ObjectHideFlags: 0
  m_CorrespondingSourceObject: {fileID: 0}
  m_PrefabInstance: {fileID: 0}
  m_PrefabAsset: {fileID: 0}
  m_GameObject: {fileID: 779400758}
  m_LocalRotation: {x: 0, y: 0, z: 0, w: 1}
  m_LocalPosition: {x: 0, y: 0, z: 0}
  m_LocalScale: {x: 0, y: 0, z: 0}
  m_Children:
  - {fileID: 1304537600}
  - {fileID: 901921739}
  m_Father: {fileID: 1365317154}
  m_RootOrder: 0
  m_LocalEulerAnglesHint: {x: 0, y: 0, z: 0}
  m_AnchorMin: {x: 0, y: 0}
  m_AnchorMax: {x: 0, y: 0}
  m_AnchoredPosition: {x: 0, y: 0}
  m_SizeDelta: {x: 0, y: 0}
  m_Pivot: {x: 0, y: 0}
--- !u!1001 &813841448
PrefabInstance:
  m_ObjectHideFlags: 0
  serializedVersion: 2
  m_Modification:
    m_TransformParent: {fileID: 1626840225}
    m_Modifications:
    - target: {fileID: 511091791103928940, guid: 5aa4784b68836a94ab77449f7386d217,
        type: 3}
      propertyPath: m_LocalPosition.x
      value: 0
      objectReference: {fileID: 0}
    - target: {fileID: 511091791103928940, guid: 5aa4784b68836a94ab77449f7386d217,
        type: 3}
      propertyPath: m_LocalPosition.y
      value: -0.30099994
      objectReference: {fileID: 0}
    - target: {fileID: 511091791103928940, guid: 5aa4784b68836a94ab77449f7386d217,
        type: 3}
      propertyPath: m_LocalPosition.z
      value: 0
      objectReference: {fileID: 0}
    - target: {fileID: 511091791103928940, guid: 5aa4784b68836a94ab77449f7386d217,
        type: 3}
      propertyPath: m_LocalRotation.x
      value: -0
      objectReference: {fileID: 0}
    - target: {fileID: 511091791103928940, guid: 5aa4784b68836a94ab77449f7386d217,
        type: 3}
      propertyPath: m_LocalRotation.y
      value: -0
      objectReference: {fileID: 0}
    - target: {fileID: 511091791103928940, guid: 5aa4784b68836a94ab77449f7386d217,
        type: 3}
      propertyPath: m_LocalRotation.z
      value: -0
      objectReference: {fileID: 0}
    - target: {fileID: 511091791103928940, guid: 5aa4784b68836a94ab77449f7386d217,
        type: 3}
      propertyPath: m_LocalRotation.w
      value: 1
      objectReference: {fileID: 0}
    - target: {fileID: 511091791103928940, guid: 5aa4784b68836a94ab77449f7386d217,
        type: 3}
      propertyPath: m_RootOrder
      value: 7
      objectReference: {fileID: 0}
    - target: {fileID: 511091791103928940, guid: 5aa4784b68836a94ab77449f7386d217,
        type: 3}
      propertyPath: m_LocalEulerAnglesHint.x
      value: 0
      objectReference: {fileID: 0}
    - target: {fileID: 511091791103928940, guid: 5aa4784b68836a94ab77449f7386d217,
        type: 3}
      propertyPath: m_LocalEulerAnglesHint.y
      value: 0
      objectReference: {fileID: 0}
    - target: {fileID: 511091791103928940, guid: 5aa4784b68836a94ab77449f7386d217,
        type: 3}
      propertyPath: m_LocalEulerAnglesHint.z
      value: 0
      objectReference: {fileID: 0}
    - target: {fileID: 792696621908279160, guid: 5aa4784b68836a94ab77449f7386d217,
        type: 3}
      propertyPath: m_Name
      value: Plate (6)
      objectReference: {fileID: 0}
    - target: {fileID: 7930358907079631569, guid: 5aa4784b68836a94ab77449f7386d217,
        type: 3}
      propertyPath: rbPlate
      value: 
      objectReference: {fileID: 1148617294}
    m_RemovedComponents: []
  m_SourcePrefab: {fileID: 100100000, guid: 5aa4784b68836a94ab77449f7386d217, type: 3}
--- !u!1001 &852024154
PrefabInstance:
  m_ObjectHideFlags: 0
  serializedVersion: 2
  m_Modification:
    m_TransformParent: {fileID: 1626840225}
    m_Modifications:
    - target: {fileID: 511091791103928940, guid: 5aa4784b68836a94ab77449f7386d217,
        type: 3}
      propertyPath: m_LocalPosition.x
      value: 0
      objectReference: {fileID: 0}
    - target: {fileID: 511091791103928940, guid: 5aa4784b68836a94ab77449f7386d217,
        type: 3}
      propertyPath: m_LocalPosition.y
      value: -0.81500006
      objectReference: {fileID: 0}
    - target: {fileID: 511091791103928940, guid: 5aa4784b68836a94ab77449f7386d217,
        type: 3}
      propertyPath: m_LocalPosition.z
      value: 0
      objectReference: {fileID: 0}
    - target: {fileID: 511091791103928940, guid: 5aa4784b68836a94ab77449f7386d217,
        type: 3}
      propertyPath: m_LocalRotation.x
      value: -0
      objectReference: {fileID: 0}
    - target: {fileID: 511091791103928940, guid: 5aa4784b68836a94ab77449f7386d217,
        type: 3}
      propertyPath: m_LocalRotation.y
      value: -0
      objectReference: {fileID: 0}
    - target: {fileID: 511091791103928940, guid: 5aa4784b68836a94ab77449f7386d217,
        type: 3}
      propertyPath: m_LocalRotation.z
      value: -0
      objectReference: {fileID: 0}
    - target: {fileID: 511091791103928940, guid: 5aa4784b68836a94ab77449f7386d217,
        type: 3}
      propertyPath: m_LocalRotation.w
      value: 1
      objectReference: {fileID: 0}
    - target: {fileID: 511091791103928940, guid: 5aa4784b68836a94ab77449f7386d217,
        type: 3}
      propertyPath: m_RootOrder
      value: 10
      objectReference: {fileID: 0}
    - target: {fileID: 511091791103928940, guid: 5aa4784b68836a94ab77449f7386d217,
        type: 3}
      propertyPath: m_LocalEulerAnglesHint.x
      value: 0
      objectReference: {fileID: 0}
    - target: {fileID: 511091791103928940, guid: 5aa4784b68836a94ab77449f7386d217,
        type: 3}
      propertyPath: m_LocalEulerAnglesHint.y
      value: 0
      objectReference: {fileID: 0}
    - target: {fileID: 511091791103928940, guid: 5aa4784b68836a94ab77449f7386d217,
        type: 3}
      propertyPath: m_LocalEulerAnglesHint.z
      value: 0
      objectReference: {fileID: 0}
    - target: {fileID: 792696621908279160, guid: 5aa4784b68836a94ab77449f7386d217,
        type: 3}
      propertyPath: m_Name
      value: Plate (9)
      objectReference: {fileID: 0}
    - target: {fileID: 7930358907079631569, guid: 5aa4784b68836a94ab77449f7386d217,
        type: 3}
      propertyPath: rbPlate
      value: 
      objectReference: {fileID: 1148617294}
    m_RemovedComponents: []
  m_SourcePrefab: {fileID: 100100000, guid: 5aa4784b68836a94ab77449f7386d217, type: 3}
--- !u!1001 &885079888
PrefabInstance:
  m_ObjectHideFlags: 0
  serializedVersion: 2
  m_Modification:
    m_TransformParent: {fileID: 1626840225}
    m_Modifications:
    - target: {fileID: 299222317955067379, guid: 729cd1130b1ab50428dc6a13542f56c7,
        type: 3}
      propertyPath: m_LocalPosition.x
      value: 0
      objectReference: {fileID: 0}
    - target: {fileID: 299222317955067379, guid: 729cd1130b1ab50428dc6a13542f56c7,
        type: 3}
      propertyPath: m_LocalPosition.y
      value: -2.693
      objectReference: {fileID: 0}
    - target: {fileID: 299222317955067379, guid: 729cd1130b1ab50428dc6a13542f56c7,
        type: 3}
      propertyPath: m_LocalPosition.z
      value: 0
      objectReference: {fileID: 0}
    - target: {fileID: 299222317955067379, guid: 729cd1130b1ab50428dc6a13542f56c7,
        type: 3}
      propertyPath: m_LocalRotation.x
      value: -0
      objectReference: {fileID: 0}
    - target: {fileID: 299222317955067379, guid: 729cd1130b1ab50428dc6a13542f56c7,
        type: 3}
      propertyPath: m_LocalRotation.y
      value: -0
      objectReference: {fileID: 0}
    - target: {fileID: 299222317955067379, guid: 729cd1130b1ab50428dc6a13542f56c7,
        type: 3}
      propertyPath: m_LocalRotation.z
      value: -0
      objectReference: {fileID: 0}
    - target: {fileID: 299222317955067379, guid: 729cd1130b1ab50428dc6a13542f56c7,
        type: 3}
      propertyPath: m_LocalRotation.w
      value: 1
      objectReference: {fileID: 0}
    - target: {fileID: 299222317955067379, guid: 729cd1130b1ab50428dc6a13542f56c7,
        type: 3}
      propertyPath: m_RootOrder
      value: 17
      objectReference: {fileID: 0}
    - target: {fileID: 299222317955067379, guid: 729cd1130b1ab50428dc6a13542f56c7,
        type: 3}
      propertyPath: m_LocalEulerAnglesHint.x
      value: 0
      objectReference: {fileID: 0}
    - target: {fileID: 299222317955067379, guid: 729cd1130b1ab50428dc6a13542f56c7,
        type: 3}
      propertyPath: m_LocalEulerAnglesHint.y
      value: 0
      objectReference: {fileID: 0}
    - target: {fileID: 299222317955067379, guid: 729cd1130b1ab50428dc6a13542f56c7,
        type: 3}
      propertyPath: m_LocalEulerAnglesHint.z
      value: 0
      objectReference: {fileID: 0}
    - target: {fileID: 590243383452383463, guid: 729cd1130b1ab50428dc6a13542f56c7,
        type: 3}
      propertyPath: m_Name
      value: Last Plate
      objectReference: {fileID: 0}
    - target: {fileID: 4466209496395512733, guid: 729cd1130b1ab50428dc6a13542f56c7,
        type: 3}
      propertyPath: gameOverMenuUI
      value: 
      objectReference: {fileID: 1304537599}
    - target: {fileID: 4466209496395512733, guid: 729cd1130b1ab50428dc6a13542f56c7,
        type: 3}
      propertyPath: breakerPlate
      value: 
      objectReference: {fileID: 1148617292}
    - target: {fileID: 4466209496395512733, guid: 729cd1130b1ab50428dc6a13542f56c7,
        type: 3}
      propertyPath: rbPlate
      value: 
      objectReference: {fileID: 1148617294}
    m_RemovedComponents: []
  m_SourcePrefab: {fileID: 100100000, guid: 729cd1130b1ab50428dc6a13542f56c7, type: 3}
--- !u!1 &901921738
GameObject:
  m_ObjectHideFlags: 0
  m_CorrespondingSourceObject: {fileID: 0}
  m_PrefabInstance: {fileID: 0}
  m_PrefabAsset: {fileID: 0}
  serializedVersion: 6
  m_Component:
  - component: {fileID: 901921739}
  m_Layer: 5
  m_Name: In Game Title
  m_TagString: Untagged
  m_Icon: {fileID: 0}
  m_NavMeshLayer: 0
  m_StaticEditorFlags: 0
  m_IsActive: 1
--- !u!224 &901921739
RectTransform:
  m_ObjectHideFlags: 0
  m_CorrespondingSourceObject: {fileID: 0}
  m_PrefabInstance: {fileID: 0}
  m_PrefabAsset: {fileID: 0}
  m_GameObject: {fileID: 901921738}
  m_LocalRotation: {x: 0, y: 0, z: 0, w: 1}
  m_LocalPosition: {x: 0, y: 0, z: 0}
  m_LocalScale: {x: 1, y: 1, z: 1}
  m_Children:
  - {fileID: 385765274}
  m_Father: {fileID: 779400762}
  m_RootOrder: 1
  m_LocalEulerAnglesHint: {x: 0, y: 0, z: 0}
  m_AnchorMin: {x: 0.5, y: 0.5}
  m_AnchorMax: {x: 0.5, y: 0.5}
  m_AnchoredPosition: {x: 0, y: 0}
  m_SizeDelta: {x: 100, y: 100}
  m_Pivot: {x: 0.5, y: 0.5}
--- !u!4 &958028929 stripped
Transform:
  m_CorrespondingSourceObject: {fileID: 511091791103928940, guid: 5aa4784b68836a94ab77449f7386d217,
    type: 3}
  m_PrefabInstance: {fileID: 976866468}
  m_PrefabAsset: {fileID: 0}
--- !u!1001 &961796056
PrefabInstance:
  m_ObjectHideFlags: 0
  serializedVersion: 2
  m_Modification:
    m_TransformParent: {fileID: 1626840225}
    m_Modifications:
    - target: {fileID: 1921831409, guid: 417651a77ad6c624983072a51dfdae75, type: 3}
      propertyPath: m_IsTrigger
      value: 0
      objectReference: {fileID: 0}
    - target: {fileID: 1921831409, guid: 417651a77ad6c624983072a51dfdae75, type: 3}
      propertyPath: m_Radius
      value: 0.03
      objectReference: {fileID: 0}
    - target: {fileID: 1921831409, guid: 417651a77ad6c624983072a51dfdae75, type: 3}
      propertyPath: m_Center.x
      value: -0.43
      objectReference: {fileID: 0}
    - target: {fileID: 1921831409, guid: 417651a77ad6c624983072a51dfdae75, type: 3}
      propertyPath: m_Enabled
      value: 0
      objectReference: {fileID: 0}
    - target: {fileID: 3592426166417625876, guid: 417651a77ad6c624983072a51dfdae75,
        type: 3}
      propertyPath: m_LocalPosition.x
      value: 0
      objectReference: {fileID: 0}
    - target: {fileID: 3592426166417625876, guid: 417651a77ad6c624983072a51dfdae75,
        type: 3}
      propertyPath: m_LocalPosition.y
      value: 6.66
      objectReference: {fileID: 0}
    - target: {fileID: 3592426166417625876, guid: 417651a77ad6c624983072a51dfdae75,
        type: 3}
      propertyPath: m_LocalPosition.z
      value: 0
      objectReference: {fileID: 0}
    - target: {fileID: 3592426166417625876, guid: 417651a77ad6c624983072a51dfdae75,
        type: 3}
      propertyPath: m_LocalRotation.x
      value: -0.122787856
      objectReference: {fileID: 0}
    - target: {fileID: 3592426166417625876, guid: 417651a77ad6c624983072a51dfdae75,
        type: 3}
      propertyPath: m_LocalRotation.y
      value: -0.122787856
      objectReference: {fileID: 0}
    - target: {fileID: 3592426166417625876, guid: 417651a77ad6c624983072a51dfdae75,
        type: 3}
      propertyPath: m_LocalRotation.z
      value: 0.6963643
      objectReference: {fileID: 0}
    - target: {fileID: 3592426166417625876, guid: 417651a77ad6c624983072a51dfdae75,
        type: 3}
      propertyPath: m_LocalRotation.w
      value: 0.6963643
      objectReference: {fileID: 0}
    - target: {fileID: 3592426166417625876, guid: 417651a77ad6c624983072a51dfdae75,
        type: 3}
      propertyPath: m_RootOrder
      value: 0
      objectReference: {fileID: 0}
    - target: {fileID: 3592426166417625876, guid: 417651a77ad6c624983072a51dfdae75,
        type: 3}
      propertyPath: m_LocalEulerAnglesHint.x
      value: 0
      objectReference: {fileID: 0}
    - target: {fileID: 3592426166417625876, guid: 417651a77ad6c624983072a51dfdae75,
        type: 3}
      propertyPath: m_LocalEulerAnglesHint.y
      value: -20
      objectReference: {fileID: 0}
    - target: {fileID: 3592426166417625876, guid: 417651a77ad6c624983072a51dfdae75,
        type: 3}
      propertyPath: m_LocalEulerAnglesHint.z
      value: 90
      objectReference: {fileID: 0}
    - target: {fileID: 3592426166417625876, guid: 417651a77ad6c624983072a51dfdae75,
        type: 3}
      propertyPath: m_LocalScale.y
      value: 0.20000014
      objectReference: {fileID: 0}
    - target: {fileID: 4453258172215625216, guid: 417651a77ad6c624983072a51dfdae75,
        type: 3}
      propertyPath: m_Name
      value: Breaker Plate
      objectReference: {fileID: 0}
    - target: {fileID: 5873278117089780923, guid: 417651a77ad6c624983072a51dfdae75,
        type: 3}
      propertyPath: m_Enabled
      value: 1
      objectReference: {fileID: 0}
    - target: {fileID: 5873278117089780923, guid: 417651a77ad6c624983072a51dfdae75,
        type: 3}
      propertyPath: m_Center.x
      value: -0.45
      objectReference: {fileID: 0}
    - target: {fileID: 5873278117089780923, guid: 417651a77ad6c624983072a51dfdae75,
        type: 3}
      propertyPath: m_Size.x
      value: 0.05
      objectReference: {fileID: 0}
    - target: {fileID: 5873278117089780923, guid: 417651a77ad6c624983072a51dfdae75,
        type: 3}
      propertyPath: m_Size.y
      value: 6.61
      objectReference: {fileID: 0}
    - target: {fileID: 5873278117089780923, guid: 417651a77ad6c624983072a51dfdae75,
        type: 3}
      propertyPath: m_Size.z
      value: 0.79
      objectReference: {fileID: 0}
    - target: {fileID: 7345587778381749525, guid: 417651a77ad6c624983072a51dfdae75,
        type: 3}
      propertyPath: m_Mass
      value: 1
      objectReference: {fileID: 0}
    - target: {fileID: 7345587778381749525, guid: 417651a77ad6c624983072a51dfdae75,
        type: 3}
      propertyPath: m_Drag
      value: 1
      objectReference: {fileID: 0}
    - target: {fileID: 7345587778381749525, guid: 417651a77ad6c624983072a51dfdae75,
        type: 3}
      propertyPath: m_UseGravity
      value: 1
      objectReference: {fileID: 0}
    m_RemovedComponents: []
  m_SourcePrefab: {fileID: 100100000, guid: 417651a77ad6c624983072a51dfdae75, type: 3}
--- !u!1 &963194225
GameObject:
  m_ObjectHideFlags: 0
  m_CorrespondingSourceObject: {fileID: 0}
  m_PrefabInstance: {fileID: 0}
  m_PrefabAsset: {fileID: 0}
  serializedVersion: 6
  m_Component:
  - component: {fileID: 963194228}
  - component: {fileID: 963194227}
  - component: {fileID: 963194226}
  m_Layer: 0
  m_Name: Main Camera
  m_TagString: MainCamera
  m_Icon: {fileID: 0}
  m_NavMeshLayer: 0
  m_StaticEditorFlags: 0
  m_IsActive: 1
--- !u!81 &963194226
AudioListener:
  m_ObjectHideFlags: 0
  m_CorrespondingSourceObject: {fileID: 0}
  m_PrefabInstance: {fileID: 0}
  m_PrefabAsset: {fileID: 0}
  m_GameObject: {fileID: 963194225}
  m_Enabled: 1
--- !u!20 &963194227
Camera:
  m_ObjectHideFlags: 0
  m_CorrespondingSourceObject: {fileID: 0}
  m_PrefabInstance: {fileID: 0}
  m_PrefabAsset: {fileID: 0}
  m_GameObject: {fileID: 963194225}
  m_Enabled: 1
  serializedVersion: 2
  m_ClearFlags: 1
  m_BackGroundColor: {r: 0.19215687, g: 0.3019608, b: 0.4745098, a: 0}
  m_projectionMatrixMode: 1
  m_GateFitMode: 2
  m_FOVAxisMode: 0
  m_SensorSize: {x: 36, y: 24}
  m_LensShift: {x: 0, y: 0}
  m_FocalLength: 50
  m_NormalizedViewPortRect:
    serializedVersion: 2
    x: 0
    y: 0
    width: 1
    height: 1
  near clip plane: 0.3
  far clip plane: 1000
  field of view: 60
  orthographic: 0
  orthographic size: 5
  m_Depth: -1
  m_CullingMask:
    serializedVersion: 2
    m_Bits: 4294967295
  m_RenderingPath: -1
  m_TargetTexture: {fileID: 0}
  m_TargetDisplay: 0
  m_TargetEye: 3
  m_HDR: 1
  m_AllowMSAA: 1
  m_AllowDynamicResolution: 0
  m_ForceIntoRT: 0
  m_OcclusionCulling: 1
  m_StereoConvergence: 10
  m_StereoSeparation: 0.022
--- !u!4 &963194228
Transform:
  m_ObjectHideFlags: 0
  m_CorrespondingSourceObject: {fileID: 0}
  m_PrefabInstance: {fileID: 0}
  m_PrefabAsset: {fileID: 0}
  m_GameObject: {fileID: 963194225}
  m_LocalRotation: {x: 0.10452846, y: 0, z: 0, w: 0.9945219}
  m_LocalPosition: {x: 0, y: 5.25, z: -14.25}
  m_LocalScale: {x: 1, y: 1, z: 1}
  m_Children: []
  m_Father: {fileID: 0}
  m_RootOrder: 0
  m_LocalEulerAnglesHint: {x: 12, y: 0, z: 0}
--- !u!1001 &976866468
PrefabInstance:
  m_ObjectHideFlags: 0
  serializedVersion: 2
  m_Modification:
    m_TransformParent: {fileID: 1626840225}
    m_Modifications:
    - target: {fileID: 511091791103928940, guid: 5aa4784b68836a94ab77449f7386d217,
        type: 3}
      propertyPath: m_LocalPosition.x
      value: 0
      objectReference: {fileID: 0}
    - target: {fileID: 511091791103928940, guid: 5aa4784b68836a94ab77449f7386d217,
        type: 3}
      propertyPath: m_LocalPosition.y
      value: -0.47099996
      objectReference: {fileID: 0}
    - target: {fileID: 511091791103928940, guid: 5aa4784b68836a94ab77449f7386d217,
        type: 3}
      propertyPath: m_LocalPosition.z
      value: 0
      objectReference: {fileID: 0}
    - target: {fileID: 511091791103928940, guid: 5aa4784b68836a94ab77449f7386d217,
        type: 3}
      propertyPath: m_LocalRotation.x
      value: -0
      objectReference: {fileID: 0}
    - target: {fileID: 511091791103928940, guid: 5aa4784b68836a94ab77449f7386d217,
        type: 3}
      propertyPath: m_LocalRotation.y
      value: -0
      objectReference: {fileID: 0}
    - target: {fileID: 511091791103928940, guid: 5aa4784b68836a94ab77449f7386d217,
        type: 3}
      propertyPath: m_LocalRotation.z
      value: -0
      objectReference: {fileID: 0}
    - target: {fileID: 511091791103928940, guid: 5aa4784b68836a94ab77449f7386d217,
        type: 3}
      propertyPath: m_LocalRotation.w
      value: 1
      objectReference: {fileID: 0}
    - target: {fileID: 511091791103928940, guid: 5aa4784b68836a94ab77449f7386d217,
        type: 3}
      propertyPath: m_RootOrder
      value: 8
      objectReference: {fileID: 0}
    - target: {fileID: 511091791103928940, guid: 5aa4784b68836a94ab77449f7386d217,
        type: 3}
      propertyPath: m_LocalEulerAnglesHint.x
      value: 0
      objectReference: {fileID: 0}
    - target: {fileID: 511091791103928940, guid: 5aa4784b68836a94ab77449f7386d217,
        type: 3}
      propertyPath: m_LocalEulerAnglesHint.y
      value: 0
      objectReference: {fileID: 0}
    - target: {fileID: 511091791103928940, guid: 5aa4784b68836a94ab77449f7386d217,
        type: 3}
      propertyPath: m_LocalEulerAnglesHint.z
      value: 0
      objectReference: {fileID: 0}
    - target: {fileID: 792696621908279160, guid: 5aa4784b68836a94ab77449f7386d217,
        type: 3}
      propertyPath: m_Name
      value: Plate (7)
      objectReference: {fileID: 0}
    - target: {fileID: 7930358907079631569, guid: 5aa4784b68836a94ab77449f7386d217,
        type: 3}
      propertyPath: rbPlate
      value: 
      objectReference: {fileID: 1148617294}
    m_RemovedComponents: []
  m_SourcePrefab: {fileID: 100100000, guid: 5aa4784b68836a94ab77449f7386d217, type: 3}
--- !u!1001 &1136586537
PrefabInstance:
  m_ObjectHideFlags: 0
  serializedVersion: 2
  m_Modification:
    m_TransformParent: {fileID: 1626840225}
    m_Modifications:
    - target: {fileID: 511091791103928940, guid: 5aa4784b68836a94ab77449f7386d217,
        type: 3}
      propertyPath: m_LocalPosition.x
      value: 0
      objectReference: {fileID: 0}
    - target: {fileID: 511091791103928940, guid: 5aa4784b68836a94ab77449f7386d217,
        type: 3}
      propertyPath: m_LocalPosition.y
      value: -0.64500004
      objectReference: {fileID: 0}
    - target: {fileID: 511091791103928940, guid: 5aa4784b68836a94ab77449f7386d217,
        type: 3}
      propertyPath: m_LocalPosition.z
      value: 0
      objectReference: {fileID: 0}
    - target: {fileID: 511091791103928940, guid: 5aa4784b68836a94ab77449f7386d217,
        type: 3}
      propertyPath: m_LocalRotation.x
      value: -0
      objectReference: {fileID: 0}
    - target: {fileID: 511091791103928940, guid: 5aa4784b68836a94ab77449f7386d217,
        type: 3}
      propertyPath: m_LocalRotation.y
      value: -0
      objectReference: {fileID: 0}
    - target: {fileID: 511091791103928940, guid: 5aa4784b68836a94ab77449f7386d217,
        type: 3}
      propertyPath: m_LocalRotation.z
      value: -0
      objectReference: {fileID: 0}
    - target: {fileID: 511091791103928940, guid: 5aa4784b68836a94ab77449f7386d217,
        type: 3}
      propertyPath: m_LocalRotation.w
      value: 1
      objectReference: {fileID: 0}
    - target: {fileID: 511091791103928940, guid: 5aa4784b68836a94ab77449f7386d217,
        type: 3}
      propertyPath: m_RootOrder
      value: 9
      objectReference: {fileID: 0}
    - target: {fileID: 511091791103928940, guid: 5aa4784b68836a94ab77449f7386d217,
        type: 3}
      propertyPath: m_LocalEulerAnglesHint.x
      value: 0
      objectReference: {fileID: 0}
    - target: {fileID: 511091791103928940, guid: 5aa4784b68836a94ab77449f7386d217,
        type: 3}
      propertyPath: m_LocalEulerAnglesHint.y
      value: 0
      objectReference: {fileID: 0}
    - target: {fileID: 511091791103928940, guid: 5aa4784b68836a94ab77449f7386d217,
        type: 3}
      propertyPath: m_LocalEulerAnglesHint.z
      value: 0
      objectReference: {fileID: 0}
    - target: {fileID: 792696621908279160, guid: 5aa4784b68836a94ab77449f7386d217,
        type: 3}
      propertyPath: m_Name
      value: Plate (8)
      objectReference: {fileID: 0}
    - target: {fileID: 7930358907079631569, guid: 5aa4784b68836a94ab77449f7386d217,
        type: 3}
      propertyPath: rbPlate
      value: 
      objectReference: {fileID: 1148617294}
    m_RemovedComponents: []
  m_SourcePrefab: {fileID: 100100000, guid: 5aa4784b68836a94ab77449f7386d217, type: 3}
--- !u!1 &1148617292 stripped
GameObject:
  m_CorrespondingSourceObject: {fileID: 4453258172215625216, guid: 417651a77ad6c624983072a51dfdae75,
    type: 3}
  m_PrefabInstance: {fileID: 961796056}
  m_PrefabAsset: {fileID: 0}
--- !u!114 &1148617293
MonoBehaviour:
  m_ObjectHideFlags: 0
  m_CorrespondingSourceObject: {fileID: 0}
  m_PrefabInstance: {fileID: 0}
  m_PrefabAsset: {fileID: 0}
  m_GameObject: {fileID: 1148617292}
  m_Enabled: 1
  m_EditorHideFlags: 0
  m_Script: {fileID: 11500000, guid: f15276c1e95b32940b33b69657d0992d, type: 3}
  m_Name: 
  m_EditorClassIdentifier: 
  rb: {fileID: 1148617294}
  movementForce: 15
--- !u!54 &1148617294 stripped
Rigidbody:
  m_CorrespondingSourceObject: {fileID: 7345587778381749525, guid: 417651a77ad6c624983072a51dfdae75,
    type: 3}
  m_PrefabInstance: {fileID: 961796056}
  m_PrefabAsset: {fileID: 0}
--- !u!4 &1148617298 stripped
Transform:
  m_CorrespondingSourceObject: {fileID: 3592426166417625876, guid: 417651a77ad6c624983072a51dfdae75,
    type: 3}
  m_PrefabInstance: {fileID: 961796056}
  m_PrefabAsset: {fileID: 0}
--- !u!1 &1304537599
GameObject:
  m_ObjectHideFlags: 0
  m_CorrespondingSourceObject: {fileID: 0}
  m_PrefabInstance: {fileID: 0}
  m_PrefabAsset: {fileID: 0}
  serializedVersion: 6
  m_Component:
  - component: {fileID: 1304537600}
  m_Layer: 5
  m_Name: Game Over Menu
  m_TagString: Untagged
  m_Icon: {fileID: 0}
  m_NavMeshLayer: 0
  m_StaticEditorFlags: 0
  m_IsActive: 0
--- !u!224 &1304537600
RectTransform:
  m_ObjectHideFlags: 0
  m_CorrespondingSourceObject: {fileID: 0}
  m_PrefabInstance: {fileID: 0}
  m_PrefabAsset: {fileID: 0}
  m_GameObject: {fileID: 1304537599}
  m_LocalRotation: {x: 0, y: 0, z: 0, w: 1}
  m_LocalPosition: {x: 0, y: 0, z: 0}
  m_LocalScale: {x: 1, y: 1, z: 1}
  m_Children:
  - {fileID: 1460397169}
  - {fileID: 1745184981}
  - {fileID: 293124708}
  m_Father: {fileID: 779400762}
  m_RootOrder: 0
  m_LocalEulerAnglesHint: {x: 0, y: 0, z: 0}
  m_AnchorMin: {x: 0.5, y: 0.5}
  m_AnchorMax: {x: 0.5, y: 0.5}
  m_AnchoredPosition: {x: 0, y: 10}
  m_SizeDelta: {x: 100, y: 100}
  m_Pivot: {x: 0.5, y: 0.5}
--- !u!1 &1365317153
GameObject:
  m_ObjectHideFlags: 0
  m_CorrespondingSourceObject: {fileID: 0}
  m_PrefabInstance: {fileID: 0}
  m_PrefabAsset: {fileID: 0}
  serializedVersion: 6
  m_Component:
  - component: {fileID: 1365317154}
  m_Layer: 0
  m_Name: UI
  m_TagString: Untagged
  m_Icon: {fileID: 0}
  m_NavMeshLayer: 0
  m_StaticEditorFlags: 0
  m_IsActive: 1
--- !u!4 &1365317154
Transform:
  m_ObjectHideFlags: 0
  m_CorrespondingSourceObject: {fileID: 0}
  m_PrefabInstance: {fileID: 0}
  m_PrefabAsset: {fileID: 0}
  m_GameObject: {fileID: 1365317153}
  m_LocalRotation: {x: 0, y: 0, z: 0, w: 1}
  m_LocalPosition: {x: 0, y: 0, z: 0}
  m_LocalScale: {x: 1, y: 1, z: 1}
  m_Children:
  - {fileID: 779400762}
  m_Father: {fileID: 0}
  m_RootOrder: 6
  m_LocalEulerAnglesHint: {x: 0, y: 0, z: 0}
--- !u!4 &1443478236 stripped
Transform:
  m_CorrespondingSourceObject: {fileID: 511091791103928940, guid: 5aa4784b68836a94ab77449f7386d217,
    type: 3}
  m_PrefabInstance: {fileID: 1983832043}
  m_PrefabAsset: {fileID: 0}
--- !u!4 &1454795948 stripped
Transform:
  m_CorrespondingSourceObject: {fileID: 511091791103928940, guid: 5aa4784b68836a94ab77449f7386d217,
    type: 3}
  m_PrefabInstance: {fileID: 409064313}
  m_PrefabAsset: {fileID: 0}
--- !u!1 &1460397168
GameObject:
  m_ObjectHideFlags: 0
  m_CorrespondingSourceObject: {fileID: 0}
  m_PrefabInstance: {fileID: 0}
  m_PrefabAsset: {fileID: 0}
  serializedVersion: 6
  m_Component:
  - component: {fileID: 1460397169}
  - component: {fileID: 1460397171}
  - component: {fileID: 1460397170}
  m_Layer: 5
  m_Name: Game Over Text
  m_TagString: Untagged
  m_Icon: {fileID: 0}
  m_NavMeshLayer: 0
  m_StaticEditorFlags: 0
  m_IsActive: 1
--- !u!224 &1460397169
RectTransform:
  m_ObjectHideFlags: 0
  m_CorrespondingSourceObject: {fileID: 0}
  m_PrefabInstance: {fileID: 0}
  m_PrefabAsset: {fileID: 0}
  m_GameObject: {fileID: 1460397168}
  m_LocalRotation: {x: -0, y: -0, z: -0, w: 1}
  m_LocalPosition: {x: 0, y: 0, z: 0}
  m_LocalScale: {x: 1, y: 1, z: 1}
  m_Children: []
  m_Father: {fileID: 1304537600}
  m_RootOrder: 0
  m_LocalEulerAnglesHint: {x: 0, y: 0, z: 0}
  m_AnchorMin: {x: 0.5, y: 0.5}
  m_AnchorMax: {x: 0.5, y: 0.5}
  m_AnchoredPosition: {x: 0, y: 500}
  m_SizeDelta: {x: 821.5, y: 260.5}
  m_Pivot: {x: 0.5, y: 0.5}
--- !u!114 &1460397170
MonoBehaviour:
  m_ObjectHideFlags: 0
  m_CorrespondingSourceObject: {fileID: 0}
  m_PrefabInstance: {fileID: 0}
  m_PrefabAsset: {fileID: 0}
  m_GameObject: {fileID: 1460397168}
  m_Enabled: 1
  m_EditorHideFlags: 0
  m_Script: {fileID: 11500000, guid: 5f7201a12d95ffc409449d95f23cf332, type: 3}
  m_Name: 
  m_EditorClassIdentifier: 
  m_Material: {fileID: 0}
  m_Color: {r: 0.19607843, g: 0.19607843, b: 0.19607843, a: 1}
  m_RaycastTarget: 1
  m_OnCullStateChanged:
    m_PersistentCalls:
      m_Calls: []
  m_FontData:
    m_Font: {fileID: 10102, guid: 0000000000000000e000000000000000, type: 0}
    m_FontSize: 150
    m_FontStyle: 1
    m_BestFit: 0
    m_MinSize: 1
    m_MaxSize: 160
    m_Alignment: 4
    m_AlignByGeometry: 0
    m_RichText: 1
    m_HorizontalOverflow: 0
    m_VerticalOverflow: 0
    m_LineSpacing: 1
  m_Text: Game Over
--- !u!222 &1460397171
CanvasRenderer:
  m_ObjectHideFlags: 0
  m_CorrespondingSourceObject: {fileID: 0}
  m_PrefabInstance: {fileID: 0}
  m_PrefabAsset: {fileID: 0}
  m_GameObject: {fileID: 1460397168}
  m_CullTransparentMesh: 0
--- !u!1 &1475308782
GameObject:
  m_ObjectHideFlags: 0
  m_CorrespondingSourceObject: {fileID: 0}
  m_PrefabInstance: {fileID: 0}
  m_PrefabAsset: {fileID: 0}
  serializedVersion: 6
  m_Component:
  - component: {fileID: 1475308783}
  - component: {fileID: 1475308785}
  - component: {fileID: 1475308784}
  m_Layer: 5
  m_Name: Text
  m_TagString: Untagged
  m_Icon: {fileID: 0}
  m_NavMeshLayer: 0
  m_StaticEditorFlags: 0
  m_IsActive: 1
--- !u!224 &1475308783
RectTransform:
  m_ObjectHideFlags: 0
  m_CorrespondingSourceObject: {fileID: 0}
  m_PrefabInstance: {fileID: 0}
  m_PrefabAsset: {fileID: 0}
  m_GameObject: {fileID: 1475308782}
  m_LocalRotation: {x: -0, y: -0, z: -0, w: 1}
  m_LocalPosition: {x: 0, y: 0, z: 0}
  m_LocalScale: {x: 1, y: 1, z: 1}
  m_Children: []
  m_Father: {fileID: 1745184981}
  m_RootOrder: 0
  m_LocalEulerAnglesHint: {x: 0, y: 0, z: 0}
  m_AnchorMin: {x: 0, y: 0}
  m_AnchorMax: {x: 1, y: 1}
  m_AnchoredPosition: {x: 0, y: 0}
  m_SizeDelta: {x: 0, y: 0}
  m_Pivot: {x: 0.5, y: 0.5}
--- !u!114 &1475308784
MonoBehaviour:
  m_ObjectHideFlags: 0
  m_CorrespondingSourceObject: {fileID: 0}
  m_PrefabInstance: {fileID: 0}
  m_PrefabAsset: {fileID: 0}
  m_GameObject: {fileID: 1475308782}
  m_Enabled: 1
  m_EditorHideFlags: 0
  m_Script: {fileID: 11500000, guid: 5f7201a12d95ffc409449d95f23cf332, type: 3}
  m_Name: 
  m_EditorClassIdentifier: 
  m_Material: {fileID: 0}
  m_Color: {r: 0.19607843, g: 0.19607843, b: 0.19607843, a: 1}
  m_RaycastTarget: 1
  m_OnCullStateChanged:
    m_PersistentCalls:
      m_Calls: []
  m_FontData:
    m_Font: {fileID: 10102, guid: 0000000000000000e000000000000000, type: 0}
    m_FontSize: 110
    m_FontStyle: 0
    m_BestFit: 0
    m_MinSize: 1
    m_MaxSize: 116
    m_Alignment: 4
    m_AlignByGeometry: 0
    m_RichText: 1
    m_HorizontalOverflow: 0
    m_VerticalOverflow: 0
    m_LineSpacing: 1
  m_Text: Retry
--- !u!222 &1475308785
CanvasRenderer:
  m_ObjectHideFlags: 0
  m_CorrespondingSourceObject: {fileID: 0}
  m_PrefabInstance: {fileID: 0}
  m_PrefabAsset: {fileID: 0}
  m_GameObject: {fileID: 1475308782}
  m_CullTransparentMesh: 0
--- !u!4 &1478170373 stripped
Transform:
  m_CorrespondingSourceObject: {fileID: 511091791103928940, guid: 5aa4784b68836a94ab77449f7386d217,
    type: 3}
  m_PrefabInstance: {fileID: 52885878}
  m_PrefabAsset: {fileID: 0}
--- !u!1001 &1527778183
PrefabInstance:
  m_ObjectHideFlags: 0
  serializedVersion: 2
  m_Modification:
    m_TransformParent: {fileID: 1626840225}
    m_Modifications:
    - target: {fileID: 511091791103928940, guid: 5aa4784b68836a94ab77449f7386d217,
        type: 3}
      propertyPath: m_LocalPosition.x
      value: 0
      objectReference: {fileID: 0}
    - target: {fileID: 511091791103928940, guid: 5aa4784b68836a94ab77449f7386d217,
        type: 3}
      propertyPath: m_LocalPosition.y
      value: 0.36299998
      objectReference: {fileID: 0}
    - target: {fileID: 511091791103928940, guid: 5aa4784b68836a94ab77449f7386d217,
        type: 3}
      propertyPath: m_LocalPosition.z
      value: 0
      objectReference: {fileID: 0}
    - target: {fileID: 511091791103928940, guid: 5aa4784b68836a94ab77449f7386d217,
        type: 3}
      propertyPath: m_LocalRotation.x
      value: -0
      objectReference: {fileID: 0}
    - target: {fileID: 511091791103928940, guid: 5aa4784b68836a94ab77449f7386d217,
        type: 3}
      propertyPath: m_LocalRotation.y
      value: -0
      objectReference: {fileID: 0}
    - target: {fileID: 511091791103928940, guid: 5aa4784b68836a94ab77449f7386d217,
        type: 3}
      propertyPath: m_LocalRotation.z
      value: -0
      objectReference: {fileID: 0}
    - target: {fileID: 511091791103928940, guid: 5aa4784b68836a94ab77449f7386d217,
        type: 3}
      propertyPath: m_LocalRotation.w
      value: 1
      objectReference: {fileID: 0}
    - target: {fileID: 511091791103928940, guid: 5aa4784b68836a94ab77449f7386d217,
        type: 3}
      propertyPath: m_RootOrder
      value: 3
      objectReference: {fileID: 0}
    - target: {fileID: 511091791103928940, guid: 5aa4784b68836a94ab77449f7386d217,
        type: 3}
      propertyPath: m_LocalEulerAnglesHint.x
      value: 0
      objectReference: {fileID: 0}
    - target: {fileID: 511091791103928940, guid: 5aa4784b68836a94ab77449f7386d217,
        type: 3}
      propertyPath: m_LocalEulerAnglesHint.y
      value: 0
      objectReference: {fileID: 0}
    - target: {fileID: 511091791103928940, guid: 5aa4784b68836a94ab77449f7386d217,
        type: 3}
      propertyPath: m_LocalEulerAnglesHint.z
      value: 0
      objectReference: {fileID: 0}
    - target: {fileID: 792696621908279160, guid: 5aa4784b68836a94ab77449f7386d217,
        type: 3}
      propertyPath: m_Name
      value: Plate (2)
      objectReference: {fileID: 0}
    - target: {fileID: 7930358907079631569, guid: 5aa4784b68836a94ab77449f7386d217,
        type: 3}
      propertyPath: rbPlate
      value: 
      objectReference: {fileID: 1148617294}
    m_RemovedComponents: []
  m_SourcePrefab: {fileID: 100100000, guid: 5aa4784b68836a94ab77449f7386d217, type: 3}
--- !u!4 &1540252103 stripped
Transform:
  m_CorrespondingSourceObject: {fileID: 511091791103928940, guid: 5aa4784b68836a94ab77449f7386d217,
    type: 3}
  m_PrefabInstance: {fileID: 1136586537}
  m_PrefabAsset: {fileID: 0}
--- !u!1001 &1542982208
PrefabInstance:
  m_ObjectHideFlags: 0
  serializedVersion: 2
  m_Modification:
    m_TransformParent: {fileID: 1626840225}
    m_Modifications:
    - target: {fileID: 511091791103928940, guid: 5aa4784b68836a94ab77449f7386d217,
        type: 3}
      propertyPath: m_LocalPosition.x
      value: 0
      objectReference: {fileID: 0}
    - target: {fileID: 511091791103928940, guid: 5aa4784b68836a94ab77449f7386d217,
        type: 3}
      propertyPath: m_LocalPosition.y
      value: 0.036000073
      objectReference: {fileID: 0}
    - target: {fileID: 511091791103928940, guid: 5aa4784b68836a94ab77449f7386d217,
        type: 3}
      propertyPath: m_LocalPosition.z
      value: 0
      objectReference: {fileID: 0}
    - target: {fileID: 511091791103928940, guid: 5aa4784b68836a94ab77449f7386d217,
        type: 3}
      propertyPath: m_LocalRotation.x
      value: -0
      objectReference: {fileID: 0}
    - target: {fileID: 511091791103928940, guid: 5aa4784b68836a94ab77449f7386d217,
        type: 3}
      propertyPath: m_LocalRotation.y
      value: -0
      objectReference: {fileID: 0}
    - target: {fileID: 511091791103928940, guid: 5aa4784b68836a94ab77449f7386d217,
        type: 3}
      propertyPath: m_LocalRotation.z
      value: -0
      objectReference: {fileID: 0}
    - target: {fileID: 511091791103928940, guid: 5aa4784b68836a94ab77449f7386d217,
        type: 3}
      propertyPath: m_LocalRotation.w
      value: 1
      objectReference: {fileID: 0}
    - target: {fileID: 511091791103928940, guid: 5aa4784b68836a94ab77449f7386d217,
        type: 3}
      propertyPath: m_RootOrder
      value: 5
      objectReference: {fileID: 0}
    - target: {fileID: 511091791103928940, guid: 5aa4784b68836a94ab77449f7386d217,
        type: 3}
      propertyPath: m_LocalEulerAnglesHint.x
      value: 0
      objectReference: {fileID: 0}
    - target: {fileID: 511091791103928940, guid: 5aa4784b68836a94ab77449f7386d217,
        type: 3}
      propertyPath: m_LocalEulerAnglesHint.y
      value: 0
      objectReference: {fileID: 0}
    - target: {fileID: 511091791103928940, guid: 5aa4784b68836a94ab77449f7386d217,
        type: 3}
      propertyPath: m_LocalEulerAnglesHint.z
      value: 0
      objectReference: {fileID: 0}
    - target: {fileID: 792696621908279160, guid: 5aa4784b68836a94ab77449f7386d217,
        type: 3}
      propertyPath: m_Name
      value: Plate (4)
      objectReference: {fileID: 0}
    - target: {fileID: 7930358907079631569, guid: 5aa4784b68836a94ab77449f7386d217,
        type: 3}
      propertyPath: rbPlate
      value: 
      objectReference: {fileID: 1148617294}
    m_RemovedComponents: []
  m_SourcePrefab: {fileID: 100100000, guid: 5aa4784b68836a94ab77449f7386d217, type: 3}
--- !u!1 &1626840224
GameObject:
  m_ObjectHideFlags: 0
  m_CorrespondingSourceObject: {fileID: 0}
  m_PrefabInstance: {fileID: 0}
  m_PrefabAsset: {fileID: 0}
  serializedVersion: 6
  m_Component:
  - component: {fileID: 1626840225}
  m_Layer: 0
  m_Name: Plates
  m_TagString: Untagged
  m_Icon: {fileID: 0}
  m_NavMeshLayer: 0
  m_StaticEditorFlags: 0
  m_IsActive: 1
--- !u!4 &1626840225
Transform:
  m_ObjectHideFlags: 0
  m_CorrespondingSourceObject: {fileID: 0}
  m_PrefabInstance: {fileID: 0}
  m_PrefabAsset: {fileID: 0}
  m_GameObject: {fileID: 1626840224}
  m_LocalRotation: {x: 0, y: 0, z: 0, w: 1}
  m_LocalPosition: {x: 0, y: 0, z: 0}
  m_LocalScale: {x: 1, y: 1, z: 1}
  m_Children:
  - {fileID: 1148617298}
  - {fileID: 2000523718}
  - {fileID: 693380633}
  - {fileID: 1999343632}
  - {fileID: 1753777312}
  - {fileID: 270209014}
  - {fileID: 2113866303}
  - {fileID: 76398914}
  - {fileID: 958028929}
  - {fileID: 1540252103}
  - {fileID: 182805494}
  - {fileID: 1443478236}
  - {fileID: 1478170373}
  - {fileID: 1454795948}
  - {fileID: 461305483}
  - {fileID: 2066292147}
  - {fileID: 109884493}
  - {fileID: 622523784}
  m_Father: {fileID: 0}
  m_RootOrder: 3
  m_LocalEulerAnglesHint: {x: 0, y: 0, z: 0}
--- !u!1 &1745184980
GameObject:
  m_ObjectHideFlags: 0
  m_CorrespondingSourceObject: {fileID: 0}
  m_PrefabInstance: {fileID: 0}
  m_PrefabAsset: {fileID: 0}
  serializedVersion: 6
  m_Component:
  - component: {fileID: 1745184981}
  - component: {fileID: 1745184984}
  - component: {fileID: 1745184983}
  - component: {fileID: 1745184982}
  m_Layer: 5
  m_Name: Retry Button
  m_TagString: Untagged
  m_Icon: {fileID: 0}
  m_NavMeshLayer: 0
  m_StaticEditorFlags: 0
  m_IsActive: 1
--- !u!224 &1745184981
RectTransform:
  m_ObjectHideFlags: 0
  m_CorrespondingSourceObject: {fileID: 0}
  m_PrefabInstance: {fileID: 0}
  m_PrefabAsset: {fileID: 0}
  m_GameObject: {fileID: 1745184980}
  m_LocalRotation: {x: -0, y: -0, z: -0, w: 1}
  m_LocalPosition: {x: 0, y: 0, z: 0}
  m_LocalScale: {x: 1, y: 1, z: 1}
  m_Children:
  - {fileID: 1475308783}
  m_Father: {fileID: 1304537600}
  m_RootOrder: 1
  m_LocalEulerAnglesHint: {x: 0, y: 0, z: 0}
  m_AnchorMin: {x: 0.5, y: 0.5}
  m_AnchorMax: {x: 0.5, y: 0.5}
  m_AnchoredPosition: {x: 0, y: 111}
  m_SizeDelta: {x: 428.2, y: 235.9}
  m_Pivot: {x: 0.5, y: 0.5}
--- !u!114 &1745184982
MonoBehaviour:
  m_ObjectHideFlags: 0
  m_CorrespondingSourceObject: {fileID: 0}
  m_PrefabInstance: {fileID: 0}
  m_PrefabAsset: {fileID: 0}
  m_GameObject: {fileID: 1745184980}
  m_Enabled: 1
  m_EditorHideFlags: 0
  m_Script: {fileID: 11500000, guid: 4e29b1a8efbd4b44bb3f3716e73f07ff, type: 3}
  m_Name: 
  m_EditorClassIdentifier: 
  m_Navigation:
    m_Mode: 0
    m_SelectOnUp: {fileID: 0}
    m_SelectOnDown: {fileID: 0}
    m_SelectOnLeft: {fileID: 0}
    m_SelectOnRight: {fileID: 0}
  m_Transition: 1
  m_Colors:
    m_NormalColor: {r: 1, g: 1, b: 1, a: 0}
    m_HighlightedColor: {r: 0.32900003, g: 0.32900003, b: 0.32900003, a: 0.15294118}
    m_PressedColor: {r: 0.78431374, g: 0.78431374, b: 0.78431374, a: 0.2509804}
    m_SelectedColor: {r: 0.9607843, g: 0.9607843, b: 0.9607843, a: 1}
    m_DisabledColor: {r: 0.78431374, g: 0.78431374, b: 0.78431374, a: 0.5019608}
    m_ColorMultiplier: 1
    m_FadeDuration: 0.1
  m_SpriteState:
    m_HighlightedSprite: {fileID: 0}
    m_PressedSprite: {fileID: 0}
    m_SelectedSprite: {fileID: 0}
    m_DisabledSprite: {fileID: 0}
  m_AnimationTriggers:
    m_NormalTrigger: Normal
    m_HighlightedTrigger: Highlighted
    m_PressedTrigger: Pressed
    m_SelectedTrigger: Selected
    m_DisabledTrigger: Disabled
  m_Interactable: 1
  m_TargetGraphic: {fileID: 1745184983}
  m_OnClick:
    m_PersistentCalls:
      m_Calls:
      - m_Target: {fileID: 622523780}
        m_MethodName: RetryGame
        m_Mode: 1
        m_Arguments:
          m_ObjectArgument: {fileID: 0}
          m_ObjectArgumentAssemblyTypeName: UnityEngine.Object, UnityEngine
          m_IntArgument: 0
          m_FloatArgument: 0
          m_StringArgument: 
          m_BoolArgument: 0
        m_CallState: 2
--- !u!114 &1745184983
MonoBehaviour:
  m_ObjectHideFlags: 0
  m_CorrespondingSourceObject: {fileID: 0}
  m_PrefabInstance: {fileID: 0}
  m_PrefabAsset: {fileID: 0}
  m_GameObject: {fileID: 1745184980}
  m_Enabled: 1
  m_EditorHideFlags: 0
  m_Script: {fileID: 11500000, guid: fe87c0e1cc204ed48ad3b37840f39efc, type: 3}
  m_Name: 
  m_EditorClassIdentifier: 
  m_Material: {fileID: 0}
  m_Color: {r: 0, g: 0, b: 0, a: 1}
  m_RaycastTarget: 1
  m_OnCullStateChanged:
    m_PersistentCalls:
      m_Calls: []
  m_Sprite: {fileID: 10905, guid: 0000000000000000f000000000000000, type: 0}
  m_Type: 1
  m_PreserveAspect: 0
  m_FillCenter: 1
  m_FillMethod: 4
  m_FillAmount: 1
  m_FillClockwise: 1
  m_FillOrigin: 0
  m_UseSpriteMesh: 0
  m_PixelsPerUnitMultiplier: 1
--- !u!222 &1745184984
CanvasRenderer:
  m_ObjectHideFlags: 0
  m_CorrespondingSourceObject: {fileID: 0}
  m_PrefabInstance: {fileID: 0}
  m_PrefabAsset: {fileID: 0}
  m_GameObject: {fileID: 1745184980}
  m_CullTransparentMesh: 0
--- !u!4 &1753777312 stripped
Transform:
  m_CorrespondingSourceObject: {fileID: 511091791103928940, guid: 5aa4784b68836a94ab77449f7386d217,
    type: 3}
  m_PrefabInstance: {fileID: 1793316052}
  m_PrefabAsset: {fileID: 0}
--- !u!1001 &1771266788
PrefabInstance:
  m_ObjectHideFlags: 0
  serializedVersion: 2
  m_Modification:
    m_TransformParent: {fileID: 1626840225}
    m_Modifications:
    - target: {fileID: 511091791103928940, guid: 5aa4784b68836a94ab77449f7386d217,
        type: 3}
      propertyPath: m_LocalPosition.x
      value: 0
      objectReference: {fileID: 0}
    - target: {fileID: 511091791103928940, guid: 5aa4784b68836a94ab77449f7386d217,
        type: 3}
      propertyPath: m_LocalPosition.y
      value: -1.479
      objectReference: {fileID: 0}
    - target: {fileID: 511091791103928940, guid: 5aa4784b68836a94ab77449f7386d217,
        type: 3}
      propertyPath: m_LocalPosition.z
      value: 0
      objectReference: {fileID: 0}
    - target: {fileID: 511091791103928940, guid: 5aa4784b68836a94ab77449f7386d217,
        type: 3}
      propertyPath: m_LocalRotation.x
      value: -0
      objectReference: {fileID: 0}
    - target: {fileID: 511091791103928940, guid: 5aa4784b68836a94ab77449f7386d217,
        type: 3}
      propertyPath: m_LocalRotation.y
      value: -0
      objectReference: {fileID: 0}
    - target: {fileID: 511091791103928940, guid: 5aa4784b68836a94ab77449f7386d217,
        type: 3}
      propertyPath: m_LocalRotation.z
      value: -0
      objectReference: {fileID: 0}
    - target: {fileID: 511091791103928940, guid: 5aa4784b68836a94ab77449f7386d217,
        type: 3}
      propertyPath: m_LocalRotation.w
      value: 1
      objectReference: {fileID: 0}
    - target: {fileID: 511091791103928940, guid: 5aa4784b68836a94ab77449f7386d217,
        type: 3}
      propertyPath: m_RootOrder
      value: 14
      objectReference: {fileID: 0}
    - target: {fileID: 511091791103928940, guid: 5aa4784b68836a94ab77449f7386d217,
        type: 3}
      propertyPath: m_LocalEulerAnglesHint.x
      value: 0
      objectReference: {fileID: 0}
    - target: {fileID: 511091791103928940, guid: 5aa4784b68836a94ab77449f7386d217,
        type: 3}
      propertyPath: m_LocalEulerAnglesHint.y
      value: 0
      objectReference: {fileID: 0}
    - target: {fileID: 511091791103928940, guid: 5aa4784b68836a94ab77449f7386d217,
        type: 3}
      propertyPath: m_LocalEulerAnglesHint.z
      value: 0
      objectReference: {fileID: 0}
    - target: {fileID: 792696621908279160, guid: 5aa4784b68836a94ab77449f7386d217,
        type: 3}
      propertyPath: m_Name
      value: Plate (13)
      objectReference: {fileID: 0}
    - target: {fileID: 7930358907079631569, guid: 5aa4784b68836a94ab77449f7386d217,
        type: 3}
      propertyPath: rbPlate
      value: 
      objectReference: {fileID: 1148617294}
    m_RemovedComponents: []
  m_SourcePrefab: {fileID: 100100000, guid: 5aa4784b68836a94ab77449f7386d217, type: 3}
--- !u!1001 &1793316052
PrefabInstance:
  m_ObjectHideFlags: 0
  serializedVersion: 2
  m_Modification:
    m_TransformParent: {fileID: 1626840225}
    m_Modifications:
    - target: {fileID: 511091791103928940, guid: 5aa4784b68836a94ab77449f7386d217,
        type: 3}
      propertyPath: m_LocalPosition.x
      value: 0
      objectReference: {fileID: 0}
    - target: {fileID: 511091791103928940, guid: 5aa4784b68836a94ab77449f7386d217,
        type: 3}
      propertyPath: m_LocalPosition.y
      value: 0.19299996
      objectReference: {fileID: 0}
    - target: {fileID: 511091791103928940, guid: 5aa4784b68836a94ab77449f7386d217,
        type: 3}
      propertyPath: m_LocalPosition.z
      value: 0
      objectReference: {fileID: 0}
    - target: {fileID: 511091791103928940, guid: 5aa4784b68836a94ab77449f7386d217,
        type: 3}
      propertyPath: m_LocalRotation.x
      value: -0
      objectReference: {fileID: 0}
    - target: {fileID: 511091791103928940, guid: 5aa4784b68836a94ab77449f7386d217,
        type: 3}
      propertyPath: m_LocalRotation.y
      value: -0
      objectReference: {fileID: 0}
    - target: {fileID: 511091791103928940, guid: 5aa4784b68836a94ab77449f7386d217,
        type: 3}
      propertyPath: m_LocalRotation.z
      value: -0
      objectReference: {fileID: 0}
    - target: {fileID: 511091791103928940, guid: 5aa4784b68836a94ab77449f7386d217,
        type: 3}
      propertyPath: m_LocalRotation.w
      value: 1
      objectReference: {fileID: 0}
    - target: {fileID: 511091791103928940, guid: 5aa4784b68836a94ab77449f7386d217,
        type: 3}
      propertyPath: m_RootOrder
      value: 4
      objectReference: {fileID: 0}
    - target: {fileID: 511091791103928940, guid: 5aa4784b68836a94ab77449f7386d217,
        type: 3}
      propertyPath: m_LocalEulerAnglesHint.x
      value: 0
      objectReference: {fileID: 0}
    - target: {fileID: 511091791103928940, guid: 5aa4784b68836a94ab77449f7386d217,
        type: 3}
      propertyPath: m_LocalEulerAnglesHint.y
      value: 0
      objectReference: {fileID: 0}
    - target: {fileID: 511091791103928940, guid: 5aa4784b68836a94ab77449f7386d217,
        type: 3}
      propertyPath: m_LocalEulerAnglesHint.z
      value: 0
      objectReference: {fileID: 0}
    - target: {fileID: 792696621908279160, guid: 5aa4784b68836a94ab77449f7386d217,
        type: 3}
      propertyPath: m_Name
      value: Plate (3)
      objectReference: {fileID: 0}
    - target: {fileID: 7930358907079631569, guid: 5aa4784b68836a94ab77449f7386d217,
        type: 3}
      propertyPath: rbPlate
      value: 
      objectReference: {fileID: 1148617294}
    m_RemovedComponents: []
  m_SourcePrefab: {fileID: 100100000, guid: 5aa4784b68836a94ab77449f7386d217, type: 3}
--- !u!1001 &1875061950
PrefabInstance:
  m_ObjectHideFlags: 0
  serializedVersion: 2
  m_Modification:
    m_TransformParent: {fileID: 1626840225}
    m_Modifications:
    - target: {fileID: 511091791103928940, guid: 5aa4784b68836a94ab77449f7386d217,
        type: 3}
      propertyPath: m_LocalPosition.x
      value: 0
      objectReference: {fileID: 0}
    - target: {fileID: 511091791103928940, guid: 5aa4784b68836a94ab77449f7386d217,
        type: 3}
      propertyPath: m_LocalPosition.y
      value: -1.6459999
      objectReference: {fileID: 0}
    - target: {fileID: 511091791103928940, guid: 5aa4784b68836a94ab77449f7386d217,
        type: 3}
      propertyPath: m_LocalPosition.z
      value: 0
      objectReference: {fileID: 0}
    - target: {fileID: 511091791103928940, guid: 5aa4784b68836a94ab77449f7386d217,
        type: 3}
      propertyPath: m_LocalRotation.x
      value: -0
      objectReference: {fileID: 0}
    - target: {fileID: 511091791103928940, guid: 5aa4784b68836a94ab77449f7386d217,
        type: 3}
      propertyPath: m_LocalRotation.y
      value: -0
      objectReference: {fileID: 0}
    - target: {fileID: 511091791103928940, guid: 5aa4784b68836a94ab77449f7386d217,
        type: 3}
      propertyPath: m_LocalRotation.z
      value: -0
      objectReference: {fileID: 0}
    - target: {fileID: 511091791103928940, guid: 5aa4784b68836a94ab77449f7386d217,
        type: 3}
      propertyPath: m_LocalRotation.w
      value: 1
      objectReference: {fileID: 0}
    - target: {fileID: 511091791103928940, guid: 5aa4784b68836a94ab77449f7386d217,
        type: 3}
      propertyPath: m_RootOrder
      value: 15
      objectReference: {fileID: 0}
    - target: {fileID: 511091791103928940, guid: 5aa4784b68836a94ab77449f7386d217,
        type: 3}
      propertyPath: m_LocalEulerAnglesHint.x
      value: 0
      objectReference: {fileID: 0}
    - target: {fileID: 511091791103928940, guid: 5aa4784b68836a94ab77449f7386d217,
        type: 3}
      propertyPath: m_LocalEulerAnglesHint.y
      value: 0
      objectReference: {fileID: 0}
    - target: {fileID: 511091791103928940, guid: 5aa4784b68836a94ab77449f7386d217,
        type: 3}
      propertyPath: m_LocalEulerAnglesHint.z
      value: 0
      objectReference: {fileID: 0}
    - target: {fileID: 792696621908279160, guid: 5aa4784b68836a94ab77449f7386d217,
        type: 3}
      propertyPath: m_Name
      value: Plate (14)
      objectReference: {fileID: 0}
    - target: {fileID: 7930358907079631569, guid: 5aa4784b68836a94ab77449f7386d217,
        type: 3}
      propertyPath: rbPlate
      value: 
      objectReference: {fileID: 1148617294}
    m_RemovedComponents: []
  m_SourcePrefab: {fileID: 100100000, guid: 5aa4784b68836a94ab77449f7386d217, type: 3}
--- !u!1001 &1948518515
PrefabInstance:
  m_ObjectHideFlags: 0
  serializedVersion: 2
  m_Modification:
    m_TransformParent: {fileID: 1626840225}
    m_Modifications:
    - target: {fileID: 511091791103928940, guid: 5aa4784b68836a94ab77449f7386d217,
        type: 3}
      propertyPath: m_LocalPosition.x
      value: 0
      objectReference: {fileID: 0}
    - target: {fileID: 511091791103928940, guid: 5aa4784b68836a94ab77449f7386d217,
        type: 3}
      propertyPath: m_LocalPosition.y
      value: -0.13399994
      objectReference: {fileID: 0}
    - target: {fileID: 511091791103928940, guid: 5aa4784b68836a94ab77449f7386d217,
        type: 3}
      propertyPath: m_LocalPosition.z
      value: 0
      objectReference: {fileID: 0}
    - target: {fileID: 511091791103928940, guid: 5aa4784b68836a94ab77449f7386d217,
        type: 3}
      propertyPath: m_LocalRotation.x
      value: -0
      objectReference: {fileID: 0}
    - target: {fileID: 511091791103928940, guid: 5aa4784b68836a94ab77449f7386d217,
        type: 3}
      propertyPath: m_LocalRotation.y
      value: -0
      objectReference: {fileID: 0}
    - target: {fileID: 511091791103928940, guid: 5aa4784b68836a94ab77449f7386d217,
        type: 3}
      propertyPath: m_LocalRotation.z
      value: -0
      objectReference: {fileID: 0}
    - target: {fileID: 511091791103928940, guid: 5aa4784b68836a94ab77449f7386d217,
        type: 3}
      propertyPath: m_LocalRotation.w
      value: 1
      objectReference: {fileID: 0}
    - target: {fileID: 511091791103928940, guid: 5aa4784b68836a94ab77449f7386d217,
        type: 3}
      propertyPath: m_RootOrder
      value: 6
      objectReference: {fileID: 0}
    - target: {fileID: 511091791103928940, guid: 5aa4784b68836a94ab77449f7386d217,
        type: 3}
      propertyPath: m_LocalEulerAnglesHint.x
      value: 0
      objectReference: {fileID: 0}
    - target: {fileID: 511091791103928940, guid: 5aa4784b68836a94ab77449f7386d217,
        type: 3}
      propertyPath: m_LocalEulerAnglesHint.y
      value: 0
      objectReference: {fileID: 0}
    - target: {fileID: 511091791103928940, guid: 5aa4784b68836a94ab77449f7386d217,
        type: 3}
      propertyPath: m_LocalEulerAnglesHint.z
      value: 0
      objectReference: {fileID: 0}
    - target: {fileID: 792696621908279160, guid: 5aa4784b68836a94ab77449f7386d217,
        type: 3}
      propertyPath: m_Name
      value: Plate (5)
      objectReference: {fileID: 0}
    - target: {fileID: 7930358907079631569, guid: 5aa4784b68836a94ab77449f7386d217,
        type: 3}
      propertyPath: rbPlate
      value: 
      objectReference: {fileID: 1148617294}
    m_RemovedComponents: []
  m_SourcePrefab: {fileID: 100100000, guid: 5aa4784b68836a94ab77449f7386d217, type: 3}
--- !u!1001 &1983832043
PrefabInstance:
  m_ObjectHideFlags: 0
  serializedVersion: 2
  m_Modification:
    m_TransformParent: {fileID: 1626840225}
    m_Modifications:
    - target: {fileID: 511091791103928940, guid: 5aa4784b68836a94ab77449f7386d217,
        type: 3}
      propertyPath: m_LocalPosition.x
      value: 0
      objectReference: {fileID: 0}
    - target: {fileID: 511091791103928940, guid: 5aa4784b68836a94ab77449f7386d217,
        type: 3}
      propertyPath: m_LocalPosition.y
      value: -0.982
      objectReference: {fileID: 0}
    - target: {fileID: 511091791103928940, guid: 5aa4784b68836a94ab77449f7386d217,
        type: 3}
      propertyPath: m_LocalPosition.z
      value: 0
      objectReference: {fileID: 0}
    - target: {fileID: 511091791103928940, guid: 5aa4784b68836a94ab77449f7386d217,
        type: 3}
      propertyPath: m_LocalRotation.x
      value: -0
      objectReference: {fileID: 0}
    - target: {fileID: 511091791103928940, guid: 5aa4784b68836a94ab77449f7386d217,
        type: 3}
      propertyPath: m_LocalRotation.y
      value: -0
      objectReference: {fileID: 0}
    - target: {fileID: 511091791103928940, guid: 5aa4784b68836a94ab77449f7386d217,
        type: 3}
      propertyPath: m_LocalRotation.z
      value: -0
      objectReference: {fileID: 0}
    - target: {fileID: 511091791103928940, guid: 5aa4784b68836a94ab77449f7386d217,
        type: 3}
      propertyPath: m_LocalRotation.w
      value: 1
      objectReference: {fileID: 0}
    - target: {fileID: 511091791103928940, guid: 5aa4784b68836a94ab77449f7386d217,
        type: 3}
      propertyPath: m_RootOrder
      value: 11
      objectReference: {fileID: 0}
    - target: {fileID: 511091791103928940, guid: 5aa4784b68836a94ab77449f7386d217,
        type: 3}
      propertyPath: m_LocalEulerAnglesHint.x
      value: 0
      objectReference: {fileID: 0}
    - target: {fileID: 511091791103928940, guid: 5aa4784b68836a94ab77449f7386d217,
        type: 3}
      propertyPath: m_LocalEulerAnglesHint.y
      value: 0
      objectReference: {fileID: 0}
    - target: {fileID: 511091791103928940, guid: 5aa4784b68836a94ab77449f7386d217,
        type: 3}
      propertyPath: m_LocalEulerAnglesHint.z
      value: 0
      objectReference: {fileID: 0}
    - target: {fileID: 792696621908279160, guid: 5aa4784b68836a94ab77449f7386d217,
        type: 3}
      propertyPath: m_Name
      value: Plate (10)
      objectReference: {fileID: 0}
    - target: {fileID: 7930358907079631569, guid: 5aa4784b68836a94ab77449f7386d217,
        type: 3}
      propertyPath: rbPlate
      value: 
      objectReference: {fileID: 1148617294}
    m_RemovedComponents: []
  m_SourcePrefab: {fileID: 100100000, guid: 5aa4784b68836a94ab77449f7386d217, type: 3}
--- !u!4 &1999343632 stripped
Transform:
  m_CorrespondingSourceObject: {fileID: 511091791103928940, guid: 5aa4784b68836a94ab77449f7386d217,
    type: 3}
  m_PrefabInstance: {fileID: 1527778183}
  m_PrefabAsset: {fileID: 0}
--- !u!4 &2000523718 stripped
Transform:
  m_CorrespondingSourceObject: {fileID: 511091791103928940, guid: 5aa4784b68836a94ab77449f7386d217,
    type: 3}
  m_PrefabInstance: {fileID: 2081133583}
  m_PrefabAsset: {fileID: 0}
--- !u!1 &2049268429
GameObject:
  m_ObjectHideFlags: 0
  m_CorrespondingSourceObject: {fileID: 0}
  m_PrefabInstance: {fileID: 0}
  m_PrefabAsset: {fileID: 0}
  serializedVersion: 6
  m_Component:
  - component: {fileID: 2049268433}
  - component: {fileID: 2049268432}
  - component: {fileID: 2049268431}
  - component: {fileID: 2049268430}
  m_Layer: 0
  m_Name: Table
  m_TagString: Untagged
  m_Icon: {fileID: 5132851093641282708, guid: 0000000000000000d000000000000000, type: 0}
  m_NavMeshLayer: 0
  m_StaticEditorFlags: 0
  m_IsActive: 1
--- !u!64 &2049268430
MeshCollider:
  m_ObjectHideFlags: 0
  m_CorrespondingSourceObject: {fileID: 0}
  m_PrefabInstance: {fileID: 0}
  m_PrefabAsset: {fileID: 0}
  m_GameObject: {fileID: 2049268429}
  m_Material: {fileID: 0}
  m_IsTrigger: 0
  m_Enabled: 1
  serializedVersion: 3
  m_Convex: 0
  m_CookingOptions: 14
  m_Mesh: {fileID: 10209, guid: 0000000000000000e000000000000000, type: 0}
--- !u!23 &2049268431
MeshRenderer:
  m_ObjectHideFlags: 0
  m_CorrespondingSourceObject: {fileID: 0}
  m_PrefabInstance: {fileID: 0}
  m_PrefabAsset: {fileID: 0}
  m_GameObject: {fileID: 2049268429}
  m_Enabled: 1
  m_CastShadows: 1
  m_ReceiveShadows: 1
  m_DynamicOccludee: 1
  m_MotionVectors: 1
  m_LightProbeUsage: 1
  m_ReflectionProbeUsage: 1
  m_RenderingLayerMask: 1
  m_RendererPriority: 0
  m_Materials:
  - {fileID: 2100000, guid: 664b60527f377ef42a03cf44630e07c0, type: 2}
  m_StaticBatchInfo:
    firstSubMesh: 0
    subMeshCount: 0
  m_StaticBatchRoot: {fileID: 0}
  m_ProbeAnchor: {fileID: 0}
  m_LightProbeVolumeOverride: {fileID: 0}
  m_ScaleInLightmap: 1
  m_ReceiveGI: 1
  m_PreserveUVs: 0
  m_IgnoreNormalsForChartDetection: 0
  m_ImportantGI: 0
  m_StitchLightmapSeams: 1
  m_SelectedEditorRenderState: 3
  m_MinimumChartSize: 4
  m_AutoUVMaxDistance: 0.5
  m_AutoUVMaxAngle: 89
  m_LightmapParameters: {fileID: 0}
  m_SortingLayerID: 0
  m_SortingLayer: 0
  m_SortingOrder: 0
--- !u!33 &2049268432
MeshFilter:
  m_ObjectHideFlags: 0
  m_CorrespondingSourceObject: {fileID: 0}
  m_PrefabInstance: {fileID: 0}
  m_PrefabAsset: {fileID: 0}
  m_GameObject: {fileID: 2049268429}
  m_Mesh: {fileID: 10209, guid: 0000000000000000e000000000000000, type: 0}
--- !u!4 &2049268433
Transform:
  m_ObjectHideFlags: 0
  m_CorrespondingSourceObject: {fileID: 0}
  m_PrefabInstance: {fileID: 0}
  m_PrefabAsset: {fileID: 0}
  m_GameObject: {fileID: 2049268429}
  m_LocalRotation: {x: 0.17433569, y: -0, z: -0, w: 0.9846863}
  m_LocalPosition: {x: -0.01, y: -3.69, z: -0.17}
  m_LocalScale: {x: 2.6706, y: 1, z: 2.7047}
  m_Children: []
  m_Father: {fileID: 680305095}
  m_RootOrder: 0
  m_LocalEulerAnglesHint: {x: 20.08, y: 0, z: 0}
--- !u!1 &2063789376
GameObject:
  m_ObjectHideFlags: 0
  m_CorrespondingSourceObject: {fileID: 0}
  m_PrefabInstance: {fileID: 0}
  m_PrefabAsset: {fileID: 0}
  serializedVersion: 6
  m_Component:
  - component: {fileID: 2063789377}
  - component: {fileID: 2063789378}
  m_Layer: 0
  m_Name: GameHandler
  m_TagString: Untagged
  m_Icon: {fileID: 0}
  m_NavMeshLayer: 0
  m_StaticEditorFlags: 0
  m_IsActive: 1
--- !u!4 &2063789377
Transform:
  m_ObjectHideFlags: 0
  m_CorrespondingSourceObject: {fileID: 0}
  m_PrefabInstance: {fileID: 0}
  m_PrefabAsset: {fileID: 0}
  m_GameObject: {fileID: 2063789376}
  m_LocalRotation: {x: 0, y: 0, z: 0, w: 1}
  m_LocalPosition: {x: 0, y: 0, z: 0}
  m_LocalScale: {x: 1, y: 1, z: 1}
  m_Children: []
  m_Father: {fileID: 0}
  m_RootOrder: 2
  m_LocalEulerAnglesHint: {x: 0, y: 0, z: 0}
--- !u!114 &2063789378
MonoBehaviour:
  m_ObjectHideFlags: 0
  m_CorrespondingSourceObject: {fileID: 0}
  m_PrefabInstance: {fileID: 0}
  m_PrefabAsset: {fileID: 0}
  m_GameObject: {fileID: 2063789376}
  m_Enabled: 1
  m_EditorHideFlags: 0
  m_Script: {fileID: 11500000, guid: 27715fdda6b38354eb74c7995cb0418d, type: 3}
  m_Name: 
  m_EditorClassIdentifier: 
  plate: {fileID: 792696621908279160, guid: 5aa4784b68836a94ab77449f7386d217, type: 3}
  spawnStartTime: 0
  spawnRate: 1
  timer: 0
  spawnPoint: {x: 0, y: -2, z: 0}
--- !u!4 &2066292147 stripped
Transform:
  m_CorrespondingSourceObject: {fileID: 511091791103928940, guid: 5aa4784b68836a94ab77449f7386d217,
    type: 3}
  m_PrefabInstance: {fileID: 1875061950}
  m_PrefabAsset: {fileID: 0}
--- !u!1001 &2081133583
PrefabInstance:
  m_ObjectHideFlags: 0
  serializedVersion: 2
  m_Modification:
    m_TransformParent: {fileID: 1626840225}
    m_Modifications:
    - target: {fileID: 511091791103928940, guid: 5aa4784b68836a94ab77449f7386d217,
        type: 3}
      propertyPath: m_LocalPosition.x
      value: 0
      objectReference: {fileID: 0}
    - target: {fileID: 511091791103928940, guid: 5aa4784b68836a94ab77449f7386d217,
        type: 3}
      propertyPath: m_LocalPosition.y
      value: 0.7
      objectReference: {fileID: 0}
    - target: {fileID: 511091791103928940, guid: 5aa4784b68836a94ab77449f7386d217,
        type: 3}
      propertyPath: m_LocalPosition.z
      value: 0
      objectReference: {fileID: 0}
    - target: {fileID: 511091791103928940, guid: 5aa4784b68836a94ab77449f7386d217,
        type: 3}
      propertyPath: m_LocalRotation.x
      value: -0
      objectReference: {fileID: 0}
    - target: {fileID: 511091791103928940, guid: 5aa4784b68836a94ab77449f7386d217,
        type: 3}
      propertyPath: m_LocalRotation.y
      value: -0
      objectReference: {fileID: 0}
    - target: {fileID: 511091791103928940, guid: 5aa4784b68836a94ab77449f7386d217,
        type: 3}
      propertyPath: m_LocalRotation.z
      value: -0
      objectReference: {fileID: 0}
    - target: {fileID: 511091791103928940, guid: 5aa4784b68836a94ab77449f7386d217,
        type: 3}
      propertyPath: m_LocalRotation.w
      value: 1
      objectReference: {fileID: 0}
    - target: {fileID: 511091791103928940, guid: 5aa4784b68836a94ab77449f7386d217,
        type: 3}
      propertyPath: m_RootOrder
      value: 1
      objectReference: {fileID: 0}
    - target: {fileID: 511091791103928940, guid: 5aa4784b68836a94ab77449f7386d217,
        type: 3}
      propertyPath: m_LocalEulerAnglesHint.x
      value: 0
      objectReference: {fileID: 0}
    - target: {fileID: 511091791103928940, guid: 5aa4784b68836a94ab77449f7386d217,
        type: 3}
      propertyPath: m_LocalEulerAnglesHint.y
      value: 0
      objectReference: {fileID: 0}
    - target: {fileID: 511091791103928940, guid: 5aa4784b68836a94ab77449f7386d217,
        type: 3}
      propertyPath: m_LocalEulerAnglesHint.z
      value: 0
      objectReference: {fileID: 0}
    - target: {fileID: 792696621908279160, guid: 5aa4784b68836a94ab77449f7386d217,
        type: 3}
      propertyPath: m_Name
      value: Plate
      objectReference: {fileID: 0}
    - target: {fileID: 7930358907079631569, guid: 5aa4784b68836a94ab77449f7386d217,
        type: 3}
      propertyPath: rbPlate
      value: 
      objectReference: {fileID: 1148617294}
    - target: {fileID: 7930358907079631569, guid: 5aa4784b68836a94ab77449f7386d217,
        type: 3}
      propertyPath: highScoreText
      value: 
      objectReference: {fileID: 385765275}
    m_RemovedComponents: []
  m_SourcePrefab: {fileID: 100100000, guid: 5aa4784b68836a94ab77449f7386d217, type: 3}
--- !u!4 &2113866303 stripped
Transform:
  m_CorrespondingSourceObject: {fileID: 511091791103928940, guid: 5aa4784b68836a94ab77449f7386d217,
    type: 3}
  m_PrefabInstance: {fileID: 1948518515}
  m_PrefabAsset: {fileID: 0}
